timestamp;buyer;seller;symbol;currency;price;quantity
-2000000;Paris;Charlie;BANANAS;SEASHELLS;5003.0;1
-2000000;Paris;Penelope;PEARLS;SEASHELLS;9996.0;1
-2000000;Caesar;Penelope;PEARLS;SEASHELLS;9996.0;1
-1998900;Camilla;Paris;BANANAS;SEASHELLS;4998.0;1
-1998700;Charlie;Penelope;BANANAS;SEASHELLS;5000.0;4
-1998700;Caesar;Penelope;BANANAS;SEASHELLS;5000.0;3
-1998600;Charlie;Penelope;BANANAS;SEASHELLS;4997.0;10
-1998500;Paris;Charlie;BANANAS;SEASHELLS;5004.0;1
-1998500;Paris;Caesar;PEARLS;SEASHELLS;10004.0;1
-1998200;Paris;Charlie;BANANAS;SEASHELLS;5003.0;1
-1998000;Paris;Charlie;BANANAS;SEASHELLS;5002.0;1
-1997500;Charlie;Paris;PEARLS;SEASHELLS;9998.0;1
-1996800;Charlie;Paris;BANANAS;SEASHELLS;4996.0;1
-1996800;Caesar;Paris;PEARLS;SEASHELLS;9996.0;1
-1996700;Charlie;Paris;PEARLS;SEASHELLS;9995.0;2
-1996700;Charlie;Paris;BANANAS;SEASHELLS;4996.0;2
-1996400;Penelope;Charlie;PEARLS;SEASHELLS;10005.0;6
-1996100;Paris;Charlie;BANANAS;SEASHELLS;5002.0;1
-1996000;Camilla;Pablo;PEARLS;SEASHELLS;9998.0;1
-1995800;Camilla;Paris;BANANAS;SEASHELLS;4996.0;1
-1995800;Penelope;Caesar;PEARLS;SEASHELLS;10004.0;2
-1995800;Penelope;Charlie;PEARLS;SEASHELLS;10004.0;1
-1993600;Charlie;Paris;BANANAS;SEASHELLS;4995.0;1
-1993400;Caesar;Paris;BANANAS;SEASHELLS;4995.0;1
-1993300;Camilla;Paris;PEARLS;SEASHELLS;9998.0;2
-1993300;Camilla;Paris;BANANAS;SEASHELLS;4996.0;2
-1993100;Pablo;Charlie;BANANAS;SEASHELLS;4999.0;1
-1993100;Pablo;Camilla;BANANAS;SEASHELLS;4999.0;1
-1992700;Caesar;Paris;BANANAS;SEASHELLS;4995.0;1
-1992600;Paris;Camilla;BANANAS;SEASHELLS;5000.0;1
-1992600;Paris;Pablo;BANANAS;SEASHELLS;4996.0;1
-1992600;Paris;Camilla;PEARLS;SEASHELLS;10002.0;1
-1992500;Paris;Charlie;PEARLS;SEASHELLS;10002.0;1
-1991800;Paris;Camilla;BANANAS;SEASHELLS;5000.0;1
-1991400;Paris;Camilla;BANANAS;SEASHELLS;4999.0;1
-1991400;Paris;Camilla;PEARLS;SEASHELLS;10002.0;1
-1991300;Paris;Camilla;PEARLS;SEASHELLS;10002.0;2
-1991300;Paris;Camilla;BANANAS;SEASHELLS;4999.0;2
-1991200;Paris;Charlie;PEARLS;SEASHELLS;10002.0;1
-1991200;Paris;Charlie;BANANAS;SEASHELLS;4999.0;1
-1990400;Caesar;Penelope;PEARLS;SEASHELLS;10000.0;3
-1989900;Caesar;Paris;PEARLS;SEASHELLS;9998.0;1
-1989800;Caesar;Paris;PEARLS;SEASHELLS;9996.0;1
-1989800;Charlie;Paris;BANANAS;SEASHELLS;4994.0;1
-1989500;Pablo;Charlie;BANANAS;SEASHELLS;4999.0;5
-1988900;Paris;Charlie;BANANAS;SEASHELLS;5001.0;2
-1988900;Paris;Charlie;PEARLS;SEASHELLS;10005.0;2
-1988700;Charlie;Paris;BANANAS;SEASHELLS;4994.0;1
-1988600;Charlie;Paris;BANANAS;SEASHELLS;4995.0;1
-1987200;Charlie;Gary;BANANAS;SEASHELLS;4994.0;13
-1987100;Paris;Camilla;BANANAS;SEASHELLS;4999.0;1
-1987000;Charlie;Paris;PEARLS;SEASHELLS;9998.0;1
-1986500;Camilla;Paris;BANANAS;SEASHELLS;4993.0;1
-1986400;Caesar;Paris;PEARLS;SEASHELLS;9998.0;1
-1986100;Charlie;Paris;BANANAS;SEASHELLS;4992.0;2
-1986100;Caesar;Paris;PEARLS;SEASHELLS;9996.0;1
-1986100;Charlie;Paris;PEARLS;SEASHELLS;9996.0;1
-1986000;Penelope;Charlie;PEARLS;SEASHELLS;10005.0;7
-1985700;Charlie;Paris;BANANAS;SEASHELLS;4992.0;1
-1985000;Charlie;Paris;BANANAS;SEASHELLS;4992.0;1
-1984900;Penelope;Charlie;PEARLS;SEASHELLS;10005.0;4
-1984600;Pablo;Camilla;PEARLS;SEASHELLS;10002.0;5
-1984200;Gina;Charlie;BANANAS;SEASHELLS;4996.0;8
-1984200;Gina;Camilla;BANANAS;SEASHELLS;4996.0;2
-1983500;Gary;Camilla;BANANAS;SEASHELLS;4995.0;9
-1983500;Gary;Charlie;BANANAS;SEASHELLS;4995.0;5
-1983300;Charlie;Caesar;BANANAS;SEASHELLS;4994.0;4
-1983200;Penelope;Charlie;BANANAS;SEASHELLS;4999.0;2
-1982700;Paris;Camilla;PEARLS;SEASHELLS;10002.0;1
-1982200;Pablo;Charlie;BANANAS;SEASHELLS;4995.0;5
-1981900;Caesar;Paris;BANANAS;SEASHELLS;4992.0;1
-1981800;Charlie;Caesar;BANANAS;SEASHELLS;4994.0;5
-1981800;Camilla;Paris;PEARLS;SEASHELLS;9998.0;1
-1981700;Paris;Charlie;PEARLS;SEASHELLS;10005.0;2
-1981700;Camilla;Paris;PEARLS;SEASHELLS;9998.0;1
-1981700;Paris;Charlie;BANANAS;SEASHELLS;4998.0;2
-1981500;Penelope;Charlie;PEARLS;SEASHELLS;10005.0;5
-1981400;Charlie;Paris;BANANAS;SEASHELLS;4993.0;1
-1980800;Charlie;Paris;BANANAS;SEASHELLS;4992.0;1
-1980600;Camilla;Paris;BANANAS;SEASHELLS;4991.0;1
-1980500;Paris;Charlie;PEARLS;SEASHELLS;10002.0;1
-1980400;Pablo;Charlie;BANANAS;SEASHELLS;4995.0;1
-1980400;Pablo;Charlie;PEARLS;SEASHELLS;10002.0;1
-1980100;Paris;Charlie;PEARLS;SEASHELLS;10002.0;1
-1979800;Pablo;Charlie;PEARLS;SEASHELLS;10002.0;1
-1979700;Penelope;Caesar;BANANAS;SEASHELLS;4998.0;1
-1979700;Paris;Charlie;BANANAS;SEASHELLS;4997.0;1
-1979700;Penelope;Charlie;BANANAS;SEASHELLS;4998.0;5
-1979700;Pablo;Charlie;BANANAS;SEASHELLS;4996.0;5
-1979600;Charlie;Penelope;BANANAS;SEASHELLS;4992.0;2
-1979400;Charlie;Paris;PEARLS;SEASHELLS;9998.0;1
-1979400;Charlie;Gary;PEARLS;SEASHELLS;9995.0;9
-1979100;Paris;Charlie;BANANAS;SEASHELLS;4998.0;1
-1979100;Paris;Paris;PEARLS;SEASHELLS;9998.0;1
-1978700;Paris;Camilla;BANANAS;SEASHELLS;4996.0;1
-1978700;Paris;Camilla;PEARLS;SEASHELLS;10002.0;1
-1977700;Charlie;Paris;BANANAS;SEASHELLS;4990.0;1
-1977300;Gary;Pablo;PEARLS;SEASHELLS;9998.0;1
-1977000;Gina;Pablo;PEARLS;SEASHELLS;9998.0;4
-1976900;Paris;Pablo;BANANAS;SEASHELLS;4990.0;1
-1976700;Caesar;Pablo;PEARLS;SEASHELLS;9998.0;2
-1976100;Charlie;Pablo;PEARLS;SEASHELLS;9998.0;3
-1976100;Charlie;Penelope;PEARLS;SEASHELLS;9995.0;8
-1975700;Paris;Penelope;PEARLS;SEASHELLS;10002.0;1
-1975500;Paris;Charlie;BANANAS;SEASHELLS;4993.0;1
-1975400;Gary;Charlie;BANANAS;SEASHELLS;4994.0;16
-1975400;Charlie;Penelope;PEARLS;SEASHELLS;9996.0;2
-1975400;Caesar;Penelope;PEARLS;SEASHELLS;9996.0;2
-1974900;Paris;Charlie;BANANAS;SEASHELLS;4992.0;1
-1974900;Paris;Charlie;PEARLS;SEASHELLS;10002.0;1
-1974400;Paris;Caesar;PEARLS;SEASHELLS;10004.0;2
-1974400;Paris;Charlie;BANANAS;SEASHELLS;4993.0;2
-1974300;Gina;Camilla;PEARLS;SEASHELLS;10002.0;8
-1974300;Gina;Charlie;PEARLS;SEASHELLS;10002.0;3
-1973700;Camilla;Paris;BANANAS;SEASHELLS;4986.0;1
-1973600;Charlie;Paris;BANANAS;SEASHELLS;4985.0;1
-1973600;Gary;Charlie;PEARLS;SEASHELLS;10005.0;9
-1973400;Gary;Charlie;BANANAS;SEASHELLS;4991.0;15
-1973300;Paris;Charlie;BANANAS;SEASHELLS;4990.0;1
-1973000;Paris;Charlie;PEARLS;SEASHELLS;10002.0;1
-1972800;Charlie;Paris;BANANAS;SEASHELLS;4985.0;1
-1972300;Charlie;Pablo;PEARLS;SEASHELLS;9998.0;1
-1972300;Caesar;Pablo;PEARLS;SEASHELLS;9998.0;3
-1972100;Pablo;Charlie;PEARLS;SEASHELLS;10002.0;4
-1972000;Paris;Charlie;PEARLS;SEASHELLS;10005.0;1
-1972000;Paris;Charlie;BANANAS;SEASHELLS;4991.0;1
-1971700;Charlie;Gina;BANANAS;SEASHELLS;4985.0;12
-1971700;Paris;Pablo;PEARLS;SEASHELLS;9998.0;1
-1971700;Paris;Pablo;BANANAS;SEASHELLS;4985.0;1
-1971700;Charlie;Pablo;PEARLS;SEASHELLS;9998.0;2
-1971700;Charlie;Pablo;BANANAS;SEASHELLS;4985.0;2
-1971500;Charlie;Pablo;BANANAS;SEASHELLS;4985.0;3
-1971400;Penelope;Charlie;BANANAS;SEASHELLS;4989.0;1
-1971400;Penelope;Camilla;BANANAS;SEASHELLS;4989.0;2
-1971400;Charlie;Paris;PEARLS;SEASHELLS;9998.0;1
-1970600;Paris;Charlie;PEARLS;SEASHELLS;10005.0;2
-1970600;Paris;Charlie;BANANAS;SEASHELLS;4990.0;2
-1970500;Camilla;Pablo;PEARLS;SEASHELLS;9998.0;3
-1970500;Charlie;Pablo;PEARLS;SEASHELLS;9998.0;2
-1970100;Pablo;Charlie;BANANAS;SEASHELLS;4989.0;5
-1970100;Paris;Charlie;BANANAS;SEASHELLS;4990.0;1
-1969700;Paris;Camilla;BANANAS;SEASHELLS;4989.0;1
-1969600;Charlie;Paris;BANANAS;SEASHELLS;4984.0;1
-1969600;Penelope;Caesar;PEARLS;SEASHELLS;10004.0;1
-1969600;Penelope;Charlie;PEARLS;SEASHELLS;10004.0;6
-1969100;Camilla;Paris;BANANAS;SEASHELLS;4984.0;1
-1969000;Caesar;Paris;PEARLS;SEASHELLS;9996.0;1
-1969000;Charlie;Paris;BANANAS;SEASHELLS;4984.0;1
-1968800;Charlie;Paris;BANANAS;SEASHELLS;4985.0;1
-1968700;Charlie;Paris;PEARLS;SEASHELLS;9998.0;1
-1968700;Paris;Camilla;BANANAS;SEASHELLS;4990.0;1
-1968400;Pablo;Charlie;PEARLS;SEASHELLS;10002.0;3
-1968200;Paris;Charlie;PEARLS;SEASHELLS;10002.0;1
-1967900;Pablo;Camilla;PEARLS;SEASHELLS;10002.0;4
-1967500;Paris;Charlie;PEARLS;SEASHELLS;10002.0;1
-1967300;Paris;Charlie;BANANAS;SEASHELLS;4987.0;1
-1967200;Caesar;Penelope;PEARLS;SEASHELLS;9996.0;2
-1967200;Charlie;Paris;PEARLS;SEASHELLS;9995.0;2
-1967200;Caesar;Paris;BANANAS;SEASHELLS;4982.0;2
-1966900;Gary;Charlie;BANANAS;SEASHELLS;4987.0;8
-1966900;Gary;Camilla;BANANAS;SEASHELLS;4987.0;5
-1966800;Camilla;Paris;BANANAS;SEASHELLS;4983.0;1
-1966700;Paris;Charlie;BANANAS;SEASHELLS;4988.0;1
-1966500;Pablo;Camilla;PEARLS;SEASHELLS;10002.0;3
-1966200;Charlie;Penelope;BANANAS;SEASHELLS;4983.0;2
-1966100;Paris;Charlie;BANANAS;SEASHELLS;4987.0;1
-1966000;Paris;Paris;BANANAS;SEASHELLS;4988.0;1
-1966000;Camilla;Paris;PEARLS;SEASHELLS;9998.0;1
-1965900;Pablo;Charlie;PEARLS;SEASHELLS;10002.0;1
-1965100;Charlie;Paris;BANANAS;SEASHELLS;4981.0;1
-1964700;Charlie;Paris;BANANAS;SEASHELLS;4981.0;1
-1964400;Paris;Charlie;PEARLS;SEASHELLS;10002.0;1
-1964300;Charlie;Gary;BANANAS;SEASHELLS;4982.0;14
-1964300;Charlie;Paris;BANANAS;SEASHELLS;4982.0;1
-1963700;Paris;Charlie;BANANAS;SEASHELLS;4989.0;1
-1963700;Paris;Charlie;PEARLS;SEASHELLS;10005.0;1
-1963500;Penelope;Charlie;PEARLS;SEASHELLS;10005.0;4
-1963200;Charlie;Paris;BANANAS;SEASHELLS;4982.0;1
-1962700;Caesar;Paris;BANANAS;SEASHELLS;4983.0;1
-1962600;Paris;Charlie;PEARLS;SEASHELLS;10002.0;1
-1962600;Charlie;Pablo;BANANAS;SEASHELLS;4984.0;2
-1962100;Charlie;Penelope;PEARLS;SEASHELLS;9995.0;4
-1961700;Gary;Charlie;BANANAS;SEASHELLS;4990.0;13
-1961600;Penelope;Caesar;PEARLS;SEASHELLS;10004.0;2
-1961500;Gina;Charlie;PEARLS;SEASHELLS;10002.0;6
-1961500;Paris;Charlie;BANANAS;SEASHELLS;4989.0;1
-1961100;Charlie;Paris;BANANAS;SEASHELLS;4984.0;1
-1961100;Charlie;Paris;BANANAS;SEASHELLS;4984.0;2
-1961100;Charlie;Paris;PEARLS;SEASHELLS;9995.0;2
-1960900;Penelope;Camilla;PEARLS;SEASHELLS;10002.0;5
-1960700;Caesar;Paris;PEARLS;SEASHELLS;9996.0;1
-1960700;Charlie;Paris;BANANAS;SEASHELLS;4984.0;1
-1960600;Charlie;Paris;BANANAS;SEASHELLS;4984.0;1
-1960500;Paris;Charlie;BANANAS;SEASHELLS;4989.0;1
-1959500;Caesar;Gina;BANANAS;SEASHELLS;4983.0;1
-1959400;Charlie;Paris;BANANAS;SEASHELLS;4983.0;1
-1958900;Charlie;Paris;BANANAS;SEASHELLS;4983.0;1
-1958500;Paris;Caesar;PEARLS;SEASHELLS;10002.0;1
-1958500;Penelope;Caesar;PEARLS;SEASHELLS;10000.0;2
-1958400;Charlie;Paris;BANANAS;SEASHELLS;4982.0;1
-1958400;Charlie;Paris;PEARLS;SEASHELLS;9995.0;1
-1957700;Penelope;Camilla;BANANAS;SEASHELLS;4987.0;7
-1957100;Paris;Camilla;BANANAS;SEASHELLS;4988.0;1
-1957100;Paris;Camilla;PEARLS;SEASHELLS;10002.0;1
-1956900;Paris;Charlie;BANANAS;SEASHELLS;4990.0;2
-1956900;Paris;Charlie;PEARLS;SEASHELLS;10005.0;2
-1956600;Paris;Charlie;PEARLS;SEASHELLS;10002.0;1
-1956500;Charlie;Paris;BANANAS;SEASHELLS;4984.0;1
-1956300;Camilla;Paris;PEARLS;SEASHELLS;9998.0;1
-1956100;Paris;Caesar;PEARLS;SEASHELLS;10004.0;2
-1956100;Camilla;Paris;BANANAS;SEASHELLS;4984.0;1
-1956100;Paris;Charlie;BANANAS;SEASHELLS;4990.0;2
-1956000;Charlie;Paris;PEARLS;SEASHELLS;9998.0;1
-1955300;Paris;Charlie;BANANAS;SEASHELLS;4989.0;1
-1955200;Caesar;Gary;PEARLS;SEASHELLS;9996.0;1
-1954900;Caesar;Paris;PEARLS;SEASHELLS;9996.0;1
-1954900;Caesar;Paris;BANANAS;SEASHELLS;4986.0;1
-1954400;Gary;Camilla;BANANAS;SEASHELLS;4990.0;8
-1954200;Charlie;Gary;PEARLS;SEASHELLS;9996.0;10
-1954200;Charlie;Pablo;BANANAS;SEASHELLS;4987.0;1
-1954200;Caesar;Gary;PEARLS;SEASHELLS;9996.0;1
-1954100;Gina;Camilla;BANANAS;SEASHELLS;4991.0;8
-1954100;Gina;Charlie;BANANAS;SEASHELLS;4991.0;4
-1953800;Caesar;Paris;PEARLS;SEASHELLS;9998.0;1
-1953700;Charlie;Paris;PEARLS;SEASHELLS;9995.0;1
-1953700;Charlie;Paris;BANANAS;SEASHELLS;4987.0;1
-1953200;Caesar;Paris;PEARLS;SEASHELLS;9996.0;1
-1953200;Charlie;Paris;BANANAS;SEASHELLS;4988.0;2
-1953200;Charlie;Paris;BANANAS;SEASHELLS;4988.0;1
-1952800;Paris;Camilla;BANANAS;SEASHELLS;4993.0;1
-1952700;Caesar;Gina;BANANAS;SEASHELLS;4988.0;2
-1952600;Charlie;Paris;BANANAS;SEASHELLS;4987.0;1
-1952300;Charlie;Paris;BANANAS;SEASHELLS;4988.0;1
-1951800;Charlie;Caesar;BANANAS;SEASHELLS;4990.0;5
-1951700;Charlie;Paris;PEARLS;SEASHELLS;9995.0;1
-1951700;Caesar;Paris;BANANAS;SEASHELLS;4991.0;1
-1951400;Paris;Caesar;PEARLS;SEASHELLS;10004.0;1
-1951400;Paris;Caesar;BANANAS;SEASHELLS;4992.0;1
-1951400;Camilla;Paris;BANANAS;SEASHELLS;4989.0;1
-1951100;Charlie;Paris;BANANAS;SEASHELLS;4990.0;1
-1950700;Paris;Charlie;BANANAS;SEASHELLS;4996.0;1
-1950700;Paris;Charlie;PEARLS;SEASHELLS;10005.0;1
-1950600;Charlie;Paris;BANANAS;SEASHELLS;4990.0;1
-1950300;Charlie;Paris;PEARLS;SEASHELLS;9995.0;2
-1950300;Charlie;Paris;BANANAS;SEASHELLS;4990.0;2
-1950100;Charlie;Paris;BANANAS;SEASHELLS;4989.0;1
-1949800;Caesar;Paris;PEARLS;SEASHELLS;9996.0;1
-1949800;Caesar;Paris;BANANAS;SEASHELLS;4990.0;1
-1949700;Charlie;Paris;BANANAS;SEASHELLS;4989.0;1
-1949600;Caesar;Paris;BANANAS;SEASHELLS;4989.0;2
-1949600;Caesar;Paris;PEARLS;SEASHELLS;9996.0;2
-1949100;Caesar;Penelope;PEARLS;SEASHELLS;9996.0;2
-1949000;Charlie;Paris;BANANAS;SEASHELLS;4989.0;1
-1949000;Charlie;Paris;PEARLS;SEASHELLS;9998.0;1
-1948700;Paris;Charlie;BANANAS;SEASHELLS;4994.0;1
-1948500;Charlie;Gary;BANANAS;SEASHELLS;4988.0;13
-1948400;Paris;Camilla;BANANAS;SEASHELLS;4993.0;1
-1948400;Paris;Camilla;PEARLS;SEASHELLS;10002.0;1
-1948100;Gina;Camilla;PEARLS;SEASHELLS;10002.0;2
-1948000;Charlie;Pablo;PEARLS;SEASHELLS;9998.0;2
-1947800;Caesar;Paris;BANANAS;SEASHELLS;4989.0;1
-1947700;Charlie;Paris;BANANAS;SEASHELLS;4988.0;1
-1947300;Pablo;Charlie;PEARLS;SEASHELLS;10002.0;3
-1947000;Camilla;Paris;PEARLS;SEASHELLS;9998.0;1
-1946800;Paris;Charlie;PEARLS;SEASHELLS;10002.0;1
-1946700;Charlie;Pablo;PEARLS;SEASHELLS;9998.0;2
-1946600;Penelope;Charlie;BANANAS;SEASHELLS;4994.0;10
-1946500;Paris;Camilla;BANANAS;SEASHELLS;4993.0;1
-1946400;Camilla;Gary;BANANAS;SEASHELLS;4988.0;2
-1946400;Charlie;Paris;BANANAS;SEASHELLS;4987.0;1
-1946400;Charlie;Gary;BANANAS;SEASHELLS;4988.0;15
-1946400;Camilla;Paris;PEARLS;SEASHELLS;9998.0;1
-1946300;Paris;Caesar;PEARLS;SEASHELLS;10004.0;2
-1946300;Paris;Pablo;BANANAS;SEASHELLS;4989.0;2
-1946100;Paris;Camilla;PEARLS;SEASHELLS;10002.0;1
-1945700;Charlie;Paris;PEARLS;SEASHELLS;9998.0;1
-1945400;Caesar;Penelope;PEARLS;SEASHELLS;9996.0;1
-1945400;Charlie;Penelope;PEARLS;SEASHELLS;9996.0;5
-1945400;Charlie;Paris;BANANAS;SEASHELLS;4990.0;1
-1945400;Charlie;Pablo;BANANAS;SEASHELLS;4991.0;3
-1945300;Paris;Charlie;BANANAS;SEASHELLS;4995.0;1
-1945100;Pablo;Camilla;PEARLS;SEASHELLS;10002.0;3
-1944800;Paris;Charlie;BANANAS;SEASHELLS;4995.0;1
-1943900;Paris;Charlie;BANANAS;SEASHELLS;4996.0;1
-1943900;Paris;Caesar;PEARLS;SEASHELLS;10004.0;1
-1943500;Camilla;Paris;PEARLS;SEASHELLS;9998.0;1
-1943500;Gina;Paris;BANANAS;SEASHELLS;4991.0;1
-1943500;Gina;Charlie;BANANAS;SEASHELLS;4995.0;11
-1943300;Paris;Charlie;PEARLS;SEASHELLS;10002.0;1
-1943300;Charlie;Penelope;BANANAS;SEASHELLS;4991.0;4
-1943300;Caesar;Penelope;BANANAS;SEASHELLS;4991.0;2
-1943000;Paris;Caesar;PEARLS;SEASHELLS;10004.0;1
-1943000;Paris;Charlie;BANANAS;SEASHELLS;4997.0;1
-1942900;Paris;Charlie;PEARLS;SEASHELLS;10002.0;1
-1942800;Paris;Charlie;PEARLS;SEASHELLS;10002.0;1
-1942700;Paris;Charlie;PEARLS;SEASHELLS;10002.0;1
-1942600;Paris;Camilla;BANANAS;SEASHELLS;4997.0;1
-1942300;Caesar;Paris;BANANAS;SEASHELLS;4991.0;1
-1942300;Pablo;Paris;PEARLS;SEASHELLS;10002.0;2
-1942200;Charlie;Paris;BANANAS;SEASHELLS;4990.0;1
-1942000;Paris;Pablo;BANANAS;SEASHELLS;4991.0;1
-1941600;Caesar;Penelope;PEARLS;SEASHELLS;9996.0;1
-1941400;Penelope;Camilla;BANANAS;SEASHELLS;4995.0;10
-1941400;Charlie;Paris;PEARLS;SEASHELLS;9998.0;1
-1941200;Charlie;Paris;BANANAS;SEASHELLS;4989.0;1
-1940500;Penelope;Charlie;PEARLS;SEASHELLS;10005.0;4
-1940300;Gina;Camilla;PEARLS;SEASHELLS;10002.0;6
-1940000;Paris;Charlie;BANANAS;SEASHELLS;4991.0;1
-1939800;Charlie;Paris;BANANAS;SEASHELLS;4988.0;1
-1939800;Caesar;Paris;PEARLS;SEASHELLS;9996.0;1
-1939800;Charlie;Paris;PEARLS;SEASHELLS;9996.0;1
-1939800;Caesar;Paris;BANANAS;SEASHELLS;4988.0;1
-1939700;Caesar;Gary;PEARLS;SEASHELLS;9996.0;2
-1939700;Charlie;Gary;PEARLS;SEASHELLS;9996.0;6
-1939700;Gina;Charlie;BANANAS;SEASHELLS;4991.0;13
-1939600;Paris;Pablo;PEARLS;SEASHELLS;9998.0;1
-1939500;Charlie;Paris;PEARLS;SEASHELLS;9998.0;1
-1939400;Caesar;Paris;BANANAS;SEASHELLS;4988.0;1
-1939200;Charlie;Penelope;BANANAS;SEASHELLS;4987.0;2
-1938900;Paris;Charlie;PEARLS;SEASHELLS;10005.0;2
-1938900;Paris;Charlie;PEARLS;SEASHELLS;10002.0;1
-1938900;Paris;Charlie;BANANAS;SEASHELLS;4994.0;2
-1938700;Paris;Charlie;BANANAS;SEASHELLS;4992.0;1
-1937700;Paris;Caesar;PEARLS;SEASHELLS;10004.0;1
-1937700;Paris;Charlie;BANANAS;SEASHELLS;4995.0;1
-1937600;Charlie;Pablo;BANANAS;SEASHELLS;4989.0;5
-1937500;Pablo;Charlie;BANANAS;SEASHELLS;4992.0;3
-1937500;Pablo;Camilla;BANANAS;SEASHELLS;4992.0;2
-1937400;Charlie;Paris;BANANAS;SEASHELLS;4988.0;1
-1937100;Charlie;Gary;BANANAS;SEASHELLS;4990.0;15
-1937100;Caesar;Gary;BANANAS;SEASHELLS;4990.0;1
-1936800;Camilla;Paris;PEARLS;SEASHELLS;9998.0;1
-1936800;Camilla;Paris;BANANAS;SEASHELLS;4991.0;1
-1936700;Paris;Charlie;BANANAS;SEASHELLS;4996.0;2
-1936700;Paris;Paris;PEARLS;SEASHELLS;9998.0;1
-1936500;Charlie;Gina;PEARLS;SEASHELLS;9998.0;6
-1936300;Caesar;Penelope;PEARLS;SEASHELLS;9996.0;1
-1935800;Charlie;Paris;BANANAS;SEASHELLS;4989.0;2
-1935800;Charlie;Paris;PEARLS;SEASHELLS;9995.0;2
-1935500;Paris;Charlie;PEARLS;SEASHELLS;10005.0;2
-1935500;Paris;Camilla;BANANAS;SEASHELLS;4994.0;1
-1935500;Paris;Camilla;PEARLS;SEASHELLS;10002.0;1
-1935500;Paris;Charlie;BANANAS;SEASHELLS;4994.0;1
-1935100;Penelope;Charlie;PEARLS;SEASHELLS;10005.0;2
-1934700;Caesar;Penelope;PEARLS;SEASHELLS;10000.0;2
-1934700;Caesar;Paris;PEARLS;SEASHELLS;9998.0;1
-1934600;Caesar;Paris;BANANAS;SEASHELLS;4987.0;1
-1934500;Charlie;Paris;PEARLS;SEASHELLS;9998.0;1
-1934400;Charlie;Paris;BANANAS;SEASHELLS;4986.0;1
-1934400;Charlie;Paris;PEARLS;SEASHELLS;9995.0;1
-1934200;Caesar;Paris;PEARLS;SEASHELLS;9996.0;1
-1934200;Charlie;Paris;BANANAS;SEASHELLS;4986.0;1
-1934100;Charlie;Paris;PEARLS;SEASHELLS;9998.0;1
-1934000;Camilla;Paris;PEARLS;SEASHELLS;9998.0;1
-1933300;Charlie;Pablo;PEARLS;SEASHELLS;9998.0;2
-1933000;Caesar;Paris;BANANAS;SEASHELLS;4985.0;1
-1932800;Paris;Camilla;BANANAS;SEASHELLS;4989.0;1
-1932600;Charlie;Paris;BANANAS;SEASHELLS;4983.0;2
-1932600;Caesar;Paris;PEARLS;SEASHELLS;9996.0;1
-1932500;Caesar;Penelope;BANANAS;SEASHELLS;4984.0;2
-1932500;Charlie;Penelope;BANANAS;SEASHELLS;4984.0;6
-1932100;Camilla;Paris;PEARLS;SEASHELLS;9998.0;2
-1932100;Camilla;Paris;BANANAS;SEASHELLS;4984.0;2
-1932100;Charlie;Caesar;BANANAS;SEASHELLS;4986.0;1
-1932000;Pablo;Charlie;PEARLS;SEASHELLS;10002.0;5
-1932000;Gina;Paris;BANANAS;SEASHELLS;4984.0;1
-1932000;Penelope;Charlie;PEARLS;SEASHELLS;10005.0;3
-1931900;Pablo;Camilla;PEARLS;SEASHELLS;10002.0;1
-1931800;Paris;Charlie;BANANAS;SEASHELLS;4989.0;1
-1931700;Charlie;Paris;BANANAS;SEASHELLS;4983.0;1
-1931500;Gary;Caesar;BANANAS;SEASHELLS;4990.0;2
-1931500;Paris;Charlie;PEARLS;SEASHELLS;10002.0;1
-1931500;Gary;Charlie;BANANAS;SEASHELLS;4990.0;10
-1931200;Charlie;Gina;BANANAS;SEASHELLS;4985.0;9
-1931100;Paris;Charlie;BANANAS;SEASHELLS;4989.0;1
-1931100;Pablo;Charlie;PEARLS;SEASHELLS;10002.0;1
-1930700;Paris;Charlie;PEARLS;SEASHELLS;10005.0;2
-1930700;Paris;Charlie;BANANAS;SEASHELLS;4990.0;2
-1930600;Paris;Charlie;BANANAS;SEASHELLS;4989.0;1
-1930400;Charlie;Pablo;BANANAS;SEASHELLS;4985.0;2
-1929600;Charlie;Paris;BANANAS;SEASHELLS;4980.0;1
-1929500;Charlie;Penelope;BANANAS;SEASHELLS;4979.0;3
-1929300;Charlie;Gina;BANANAS;SEASHELLS;4980.0;10
-1928600;Charlie;Paris;BANANAS;SEASHELLS;4980.0;1
-1928400;Charlie;Gary;PEARLS;SEASHELLS;9995.0;10
-1926600;Charlie;Pablo;BANANAS;SEASHELLS;4982.0;1
-1926300;Penelope;Charlie;BANANAS;SEASHELLS;4987.0;9
-1926100;Charlie;Paris;BANANAS;SEASHELLS;4980.0;1
-1925900;Paris;Charlie;PEARLS;SEASHELLS;10002.0;1
-1925800;Paris;Camilla;BANANAS;SEASHELLS;4984.0;1
-1925700;Pablo;Charlie;BANANAS;SEASHELLS;4983.0;1
-1925600;Paris;Caesar;PEARLS;SEASHELLS;10004.0;1
-1925600;Paris;Charlie;BANANAS;SEASHELLS;4985.0;2
-1925100;Paris;Charlie;PEARLS;SEASHELLS;10002.0;1
-1924800;Charlie;Paris;BANANAS;SEASHELLS;4978.0;1
-1924800;Caesar;Paris;PEARLS;SEASHELLS;9996.0;1
-1924700;Pablo;Caesar;BANANAS;SEASHELLS;4983.0;3
-1924500;Charlie;Paris;BANANAS;SEASHELLS;4979.0;1
-1923800;Charlie;Penelope;BANANAS;SEASHELLS;4979.0;6
-1923800;Camilla;Penelope;BANANAS;SEASHELLS;4979.0;5
-1923600;Caesar;Penelope;BANANAS;SEASHELLS;4978.0;1
-1923600;Paris;Caesar;PEARLS;SEASHELLS;10002.0;1
-1923600;Caesar;Paris;BANANAS;SEASHELLS;4978.0;1
-1923600;Charlie;Penelope;BANANAS;SEASHELLS;4978.0;7
-1922300;Camilla;Pablo;PEARLS;SEASHELLS;9998.0;5
-1922200;Paris;Charlie;BANANAS;SEASHELLS;4981.0;1
-1922000;Pablo;Charlie;PEARLS;SEASHELLS;10002.0;2
-1921900;Paris;Charlie;BANANAS;SEASHELLS;4979.0;1
-1921700;Charlie;Paris;PEARLS;SEASHELLS;9995.0;2
-1921700;Charlie;Paris;BANANAS;SEASHELLS;4974.0;2
-1921600;Camilla;Penelope;BANANAS;SEASHELLS;4976.0;1
-1921600;Charlie;Penelope;BANANAS;SEASHELLS;4976.0;7
-1921200;Charlie;Paris;BANANAS;SEASHELLS;4974.0;1
-1921200;Penelope;Charlie;BANANAS;SEASHELLS;4981.0;10
-1921000;Paris;Charlie;PEARLS;SEASHELLS;10005.0;2
-1921000;Gary;Caesar;PEARLS;SEASHELLS;10004.0;1
-1921000;Paris;Charlie;BANANAS;SEASHELLS;4981.0;2
-1920500;Charlie;Gary;BANANAS;SEASHELLS;4975.0;20
-1920500;Paris;Charlie;PEARLS;SEASHELLS;10002.0;1
-1919900;Paris;Camilla;BANANAS;SEASHELLS;4979.0;1
-1919700;Paris;Charlie;PEARLS;SEASHELLS;10002.0;1
-1919500;Caesar;Paris;BANANAS;SEASHELLS;4973.0;1
-1919200;Paris;Camilla;PEARLS;SEASHELLS;10002.0;1
-1919100;Caesar;Paris;BANANAS;SEASHELLS;4973.0;1
-1918700;Paris;Camilla;BANANAS;SEASHELLS;4978.0;1
-1918700;Charlie;Pablo;PEARLS;SEASHELLS;9998.0;1
-1918300;Paris;Camilla;PEARLS;SEASHELLS;10002.0;1
-1918200;Camilla;Paris;PEARLS;SEASHELLS;9998.0;1
-1918200;Camilla;Paris;BANANAS;SEASHELLS;4973.0;1
-1918000;Pablo;Charlie;BANANAS;SEASHELLS;4976.0;5
-1917900;Charlie;Paris;BANANAS;SEASHELLS;4972.0;1
-1917700;Gary;Caesar;PEARLS;SEASHELLS;10004.0;1
-1917400;Camilla;Paris;BANANAS;SEASHELLS;4972.0;1
-1916800;Caesar;Paris;PEARLS;SEASHELLS;9996.0;1
-1916800;Charlie;Paris;BANANAS;SEASHELLS;4972.0;2
-1916800;Charlie;Paris;PEARLS;SEASHELLS;9996.0;1
-1916700;Charlie;Penelope;BANANAS;SEASHELLS;4972.0;11
-1916400;Charlie;Penelope;BANANAS;SEASHELLS;4972.0;8
-1916300;Penelope;Caesar;PEARLS;SEASHELLS;10004.0;1
-1915800;Charlie;Penelope;BANANAS;SEASHELLS;4972.0;8
-1915800;Paris;Camilla;BANANAS;SEASHELLS;4977.0;1
-1915800;Caesar;Penelope;BANANAS;SEASHELLS;4972.0;2
-1915500;Charlie;Penelope;BANANAS;SEASHELLS;4972.0;2
-1915400;Paris;Charlie;BANANAS;SEASHELLS;4979.0;2
-1915400;Paris;Caesar;PEARLS;SEASHELLS;10004.0;2
-1915300;Paris;Charlie;BANANAS;SEASHELLS;4978.0;1
-1915000;Charlie;Pablo;PEARLS;SEASHELLS;9998.0;5
-1914800;Charlie;Pablo;BANANAS;SEASHELLS;4973.0;3
-1914300;Charlie;Paris;PEARLS;SEASHELLS;9995.0;2
-1914300;Penelope;Charlie;PEARLS;SEASHELLS;10005.0;4
-1914300;Charlie;Penelope;BANANAS;SEASHELLS;4972.0;8
-1914300;Charlie;Paris;BANANAS;SEASHELLS;4972.0;2
-1914200;Charlie;Gary;BANANAS;SEASHELLS;4974.0;13
-1914200;Camilla;Gary;BANANAS;SEASHELLS;4974.0;7
-1914100;Camilla;Paris;BANANAS;SEASHELLS;4974.0;1
-1914100;Camilla;Penelope;PEARLS;SEASHELLS;9998.0;2
-1914000;Paris;Camilla;BANANAS;SEASHELLS;4978.0;1
-1914000;Caesar;Paris;BANANAS;SEASHELLS;4974.0;1
-1914000;Paris;Camilla;PEARLS;SEASHELLS;10002.0;1
-1913800;Charlie;Pablo;BANANAS;SEASHELLS;4976.0;2
-1913700;Charlie;Paris;BANANAS;SEASHELLS;4975.0;1
-1913700;Charlie;Paris;PEARLS;SEASHELLS;9998.0;1
-1913500;Paris;Charlie;PEARLS;SEASHELLS;10002.0;1
-1913300;Charlie;Gary;BANANAS;SEASHELLS;4975.0;14
-1912800;Camilla;Paris;BANANAS;SEASHELLS;4977.0;1
-1912600;Charlie;Gary;BANANAS;SEASHELLS;4975.0;13
-1912500;Charlie;Penelope;BANANAS;SEASHELLS;4976.0;9
-1912100;Pablo;Charlie;PEARLS;SEASHELLS;10002.0;4
-1912100;Gary;Charlie;BANANAS;SEASHELLS;4982.0;12
-1911800;Charlie;Pablo;BANANAS;SEASHELLS;4977.0;3
-1911700;Penelope;Caesar;PEARLS;SEASHELLS;10004.0;2
-1911500;Pablo;Charlie;PEARLS;SEASHELLS;10002.0;5
-1911400;Charlie;Paris;PEARLS;SEASHELLS;9998.0;1
-1911100;Paris;Camilla;BANANAS;SEASHELLS;4982.0;1
-1910900;Paris;Charlie;BANANAS;SEASHELLS;4983.0;1
-1910000;Charlie;Paris;BANANAS;SEASHELLS;4977.0;1
-1909900;Paris;Caesar;PEARLS;SEASHELLS;10004.0;1
-1909900;Paris;Charlie;BANANAS;SEASHELLS;4983.0;1
-1909300;Penelope;Camilla;PEARLS;SEASHELLS;10002.0;6
-1909000;Charlie;Paris;BANANAS;SEASHELLS;4977.0;1
-1909000;Charlie;Paris;PEARLS;SEASHELLS;9998.0;1
-1908600;Paris;Charlie;PEARLS;SEASHELLS;10002.0;1
-1908500;Charlie;Paris;BANANAS;SEASHELLS;4976.0;1
-1908100;Paris;Charlie;PEARLS;SEASHELLS;10002.0;1
-1908100;Charlie;Paris;BANANAS;SEASHELLS;4975.0;1
-1907700;Charlie;Paris;BANANAS;SEASHELLS;4976.0;1
-1907700;Caesar;Paris;PEARLS;SEASHELLS;9996.0;1
-1907700;Charlie;Pablo;BANANAS;SEASHELLS;4977.0;1
-1907500;Charlie;Paris;BANANAS;SEASHELLS;4975.0;1
-1907500;Charlie;Gina;BANANAS;SEASHELLS;4976.0;11
-1907400;Charlie;Paris;BANANAS;SEASHELLS;4976.0;1
-1907000;Paris;Gary;PEARLS;SEASHELLS;10002.0;1
-1906900;Charlie;Pablo;PEARLS;SEASHELLS;9998.0;1
-1906700;Camilla;Paris;BANANAS;SEASHELLS;4977.0;1
-1906700;Camilla;Paris;PEARLS;SEASHELLS;9998.0;1
-1906600;Pablo;Charlie;BANANAS;SEASHELLS;4980.0;5
-1906500;Charlie;Paris;PEARLS;SEASHELLS;9998.0;1
-1906300;Paris;Camilla;PEARLS;SEASHELLS;10002.0;1
-1906100;Charlie;Paris;PEARLS;SEASHELLS;9998.0;1
-1905900;Paris;Pablo;BANANAS;SEASHELLS;4976.0;1
-1905700;Charlie;Paris;BANANAS;SEASHELLS;4974.0;1
-1905600;Charlie;Paris;BANANAS;SEASHELLS;4974.0;1
-1905300;Caesar;Gary;PEARLS;SEASHELLS;9996.0;2
-1905300;Charlie;Gary;PEARLS;SEASHELLS;9996.0;9
-1905200;Pablo;Camilla;PEARLS;SEASHELLS;10002.0;4
-1904900;Caesar;Paris;BANANAS;SEASHELLS;4975.0;2
-1904900;Caesar;Paris;PEARLS;SEASHELLS;9996.0;2
-1904700;Caesar;Paris;BANANAS;SEASHELLS;4975.0;1
-1904700;Paris;Charlie;PEARLS;SEASHELLS;10002.0;1
-1904700;Charlie;Penelope;BANANAS;SEASHELLS;4974.0;2
-1904400;Pablo;Charlie;BANANAS;SEASHELLS;4979.0;2
-1904400;Paris;Charlie;BANANAS;SEASHELLS;4980.0;1
-1904200;Caesar;Paris;BANANAS;SEASHELLS;4976.0;1
-1904100;Penelope;Charlie;PEARLS;SEASHELLS;10002.0;3
-1904100;Paris;Camilla;BANANAS;SEASHELLS;4980.0;1
-1904100;Penelope;Camilla;PEARLS;SEASHELLS;10002.0;5
-1903900;Charlie;Paris;BANANAS;SEASHELLS;4975.0;1
-1903900;Charlie;Paris;PEARLS;SEASHELLS;9995.0;1
-1903800;Gina;Paris;BANANAS;SEASHELLS;4975.0;1
-1903800;Gina;Camilla;BANANAS;SEASHELLS;4980.0;6
-1903600;Pablo;Charlie;PEARLS;SEASHELLS;10002.0;3
-1903200;Paris;Charlie;BANANAS;SEASHELLS;4980.0;1
-1903100;Penelope;Charlie;PEARLS;SEASHELLS;10005.0;3
-1902800;Gary;Charlie;PEARLS;SEASHELLS;10005.0;12
-1902700;Paris;Caesar;PEARLS;SEASHELLS;10004.0;1
-1902700;Paris;Pablo;BANANAS;SEASHELLS;4975.0;1
-1902600;Camilla;Paris;PEARLS;SEASHELLS;9998.0;1
-1902400;Charlie;Paris;PEARLS;SEASHELLS;9998.0;1
-1902100;Pablo;Charlie;PEARLS;SEASHELLS;10002.0;4
-1901900;Paris;Caesar;BANANAS;SEASHELLS;4980.0;1
-1901900;Charlie;Caesar;BANANAS;SEASHELLS;4977.0;3
-1901900;Paris;Charlie;PEARLS;SEASHELLS;10002.0;1
-1901800;Charlie;Paris;BANANAS;SEASHELLS;4974.0;1
-1901700;Charlie;Penelope;BANANAS;SEASHELLS;4974.0;7
-1901700;Charlie;Paris;PEARLS;SEASHELLS;9998.0;1
-1901600;Charlie;Paris;BANANAS;SEASHELLS;4975.0;1
-1901600;Charlie;Caesar;BANANAS;SEASHELLS;4977.0;1
-1901200;Penelope;Caesar;BANANAS;SEASHELLS;4981.0;2
-1901200;Caesar;Paris;PEARLS;SEASHELLS;9996.0;1
-1901200;Penelope;Paris;BANANAS;SEASHELLS;4981.0;1
-1901000;Charlie;Paris;PEARLS;SEASHELLS;9998.0;1
-1901000;Charlie;Gina;BANANAS;SEASHELLS;4976.0;11
-1900500;Gary;Charlie;BANANAS;SEASHELLS;4982.0;19
-1899900;Gary;Paris;PEARLS;SEASHELLS;9998.0;1
-1899500;Camilla;Paris;PEARLS;SEASHELLS;9998.0;1
-1898200;Penelope;Camilla;BANANAS;SEASHELLS;4976.0;2
-1897800;Paris;Caesar;BANANAS;SEASHELLS;4978.0;2
-1897800;Paris;Caesar;PEARLS;SEASHELLS;10004.0;2
-1897700;Pablo;Camilla;PEARLS;SEASHELLS;10002.0;3
-1897700;Paris;Charlie;PEARLS;SEASHELLS;10002.0;1
-1897600;Charlie;Paris;BANANAS;SEASHELLS;4972.0;1
-1897500;Paris;Charlie;PEARLS;SEASHELLS;10002.0;1
-1897500;Paris;Caesar;BANANAS;SEASHELLS;4977.0;1
-1897100;Pablo;Charlie;BANANAS;SEASHELLS;4977.0;3
-1897100;Charlie;Paris;PEARLS;SEASHELLS;9998.0;1
-1897100;Gary;Charlie;BANANAS;SEASHELLS;4979.0;14
-1896900;Charlie;Paris;BANANAS;SEASHELLS;4972.0;2
-1896900;Charlie;Paris;PEARLS;SEASHELLS;9995.0;2
-1896000;Charlie;Paris;PEARLS;SEASHELLS;9998.0;1
-1895800;Charlie;Pablo;PEARLS;SEASHELLS;9998.0;2
-1895800;Paris;Pablo;PEARLS;SEASHELLS;9998.0;1
-1895700;Charlie;Pablo;PEARLS;SEASHELLS;9998.0;2
-1895600;Charlie;Paris;BANANAS;SEASHELLS;4970.0;2
-1895600;Charlie;Paris;PEARLS;SEASHELLS;9995.0;2
-1895600;Charlie;Paris;PEARLS;SEASHELLS;9998.0;1
-1895300;Paris;Camilla;PEARLS;SEASHELLS;10002.0;1
-1895300;Charlie;Paris;BANANAS;SEASHELLS;4971.0;1
-1895200;Caesar;Paris;BANANAS;SEASHELLS;4971.0;1
-1895100;Paris;Camilla;BANANAS;SEASHELLS;4976.0;1
-1894900;Paris;Charlie;PEARLS;SEASHELLS;10002.0;1
-1894800;Charlie;Paris;BANANAS;SEASHELLS;4970.0;1
-1894100;Penelope;Camilla;PEARLS;SEASHELLS;10002.0;5
-1893500;Penelope;Charlie;BANANAS;SEASHELLS;4976.0;11
-1893300;Charlie;Pablo;BANANAS;SEASHELLS;4971.0;4
-1893200;Paris;Gina;BANANAS;SEASHELLS;4971.0;2
-1893200;Charlie;Gina;BANANAS;SEASHELLS;4971.0;9
-1893200;Paris;Charlie;PEARLS;SEASHELLS;10005.0;2
-1893000;Charlie;Pablo;BANANAS;SEASHELLS;4971.0;1
-1892800;Charlie;Penelope;PEARLS;SEASHELLS;9995.0;4
-1892500;Gary;Camilla;BANANAS;SEASHELLS;4975.0;7
-1892500;Paris;Camilla;PEARLS;SEASHELLS;10002.0;2
-1892500;Paris;Charlie;BANANAS;SEASHELLS;4977.0;2
-1892300;Paris;Caesar;PEARLS;SEASHELLS;10004.0;2
-1892300;Paris;Caesar;BANANAS;SEASHELLS;4976.0;2
-1892200;Paris;Camilla;BANANAS;SEASHELLS;4975.0;1
-1892000;Camilla;Gary;PEARLS;SEASHELLS;9998.0;6
-1892000;Penelope;Charlie;BANANAS;SEASHELLS;4977.0;12
-1892000;Charlie;Gary;PEARLS;SEASHELLS;9998.0;5
-1891700;Charlie;Paris;PEARLS;SEASHELLS;9998.0;1
-1891600;Paris;Charlie;BANANAS;SEASHELLS;4975.0;1
-1891500;Penelope;Charlie;BANANAS;SEASHELLS;4977.0;11
-1891400;Paris;Charlie;PEARLS;SEASHELLS;10002.0;1
-1891300;Charlie;Gary;PEARLS;SEASHELLS;9995.0;10
-1891200;Charlie;Paris;BANANAS;SEASHELLS;4970.0;1
-1891100;Paris;Charlie;BANANAS;SEASHELLS;4977.0;1
-1891100;Paris;Caesar;PEARLS;SEASHELLS;10004.0;1
-1890900;Pablo;Camilla;PEARLS;SEASHELLS;10002.0;2
-1890600;Paris;Charlie;BANANAS;SEASHELLS;4975.0;1
-1890100;Paris;Charlie;PEARLS;SEASHELLS;10005.0;1
-1890100;Paris;Charlie;BANANAS;SEASHELLS;4976.0;1
-1890000;Penelope;Camilla;BANANAS;SEASHELLS;4974.0;4
-1889600;Charlie;Penelope;BANANAS;SEASHELLS;4969.0;9
-1888700;Charlie;Paris;PEARLS;SEASHELLS;9995.0;1
-1888700;Charlie;Paris;BANANAS;SEASHELLS;4970.0;1
-1888400;Caesar;Penelope;PEARLS;SEASHELLS;9996.0;2
-1888000;Paris;Camilla;PEARLS;SEASHELLS;10002.0;1
-1887800;Paris;Camilla;PEARLS;SEASHELLS;10002.0;1
-1887700;Camilla;Paris;BANANAS;SEASHELLS;4972.0;1
-1887600;Paris;Camilla;BANANAS;SEASHELLS;4977.0;1
-1887500;Pablo;Paris;BANANAS;SEASHELLS;4976.0;1
-1887500;Paris;Charlie;PEARLS;SEASHELLS;10002.0;1
-1886900;Paris;Charlie;BANANAS;SEASHELLS;4977.0;1
-1886800;Pablo;Paris;BANANAS;SEASHELLS;4976.0;1
-1886700;Pablo;Charlie;BANANAS;SEASHELLS;4976.0;1
-1886600;Paris;Caesar;PEARLS;SEASHELLS;10004.0;1
-1886600;Paris;Caesar;BANANAS;SEASHELLS;4978.0;1
-1886300;Paris;Charlie;BANANAS;SEASHELLS;4978.0;1
-1886200;Caesar;Paris;PEARLS;SEASHELLS;9996.0;1
-1886200;Charlie;Paris;BANANAS;SEASHELLS;4973.0;1
-1886100;Gina;Paris;BANANAS;SEASHELLS;4972.0;1
-1885700;Charlie;Paris;BANANAS;SEASHELLS;4972.0;1
-1885300;Gary;Charlie;PEARLS;SEASHELLS;10005.0;12
-1885300;Charlie;Penelope;PEARLS;SEASHELLS;9995.0;4
-1885000;Charlie;Paris;BANANAS;SEASHELLS;4973.0;1
-1884800;Charlie;Paris;BANANAS;SEASHELLS;4973.0;1
-1884700;Paris;Camilla;BANANAS;SEASHELLS;4978.0;1
-1884600;Charlie;Caesar;BANANAS;SEASHELLS;4974.0;6
-1884400;Camilla;Paris;PEARLS;SEASHELLS;9998.0;1
-1884200;Paris;Gary;BANANAS;SEASHELLS;4977.0;1
-1884200;Charlie;Paris;PEARLS;SEASHELLS;9998.0;1
-1883300;Paris;Charlie;BANANAS;SEASHELLS;4976.0;1
-1882300;Paris;Camilla;BANANAS;SEASHELLS;4977.0;1
-1882000;Charlie;Paris;BANANAS;SEASHELLS;4972.0;1
-1882000;Charlie;Paris;PEARLS;SEASHELLS;9995.0;1
-1881800;Gary;Gina;BANANAS;SEASHELLS;4973.0;7
-1881400;Charlie;Paris;BANANAS;SEASHELLS;4971.0;1
-1880700;Paris;Camilla;PEARLS;SEASHELLS;10002.0;1
-1880700;Paris;Camilla;BANANAS;SEASHELLS;4976.0;1
-1880600;Charlie;Penelope;BANANAS;SEASHELLS;4971.0;8
-1880500;Camilla;Paris;BANANAS;SEASHELLS;4972.0;1
-1880300;Caesar;Paris;BANANAS;SEASHELLS;4972.0;1
-1879800;Paris;Camilla;PEARLS;SEASHELLS;10002.0;1
-1879500;Charlie;Pablo;PEARLS;SEASHELLS;9998.0;3
-1879300;Charlie;Paris;BANANAS;SEASHELLS;4970.0;1
-1879200;Caesar;Paris;PEARLS;SEASHELLS;10000.0;2
-1879200;Paris;Paris;BANANAS;SEASHELLS;4975.0;1
-1879100;Charlie;Paris;PEARLS;SEASHELLS;9998.0;1
-1878200;Gina;Pablo;PEARLS;SEASHELLS;9998.0;2
-1877700;Penelope;Charlie;PEARLS;SEASHELLS;10004.0;3
-1877700;Penelope;Caesar;PEARLS;SEASHELLS;10004.0;2
-1877300;Charlie;Paris;BANANAS;SEASHELLS;4970.0;1
-1877000;Charlie;Paris;PEARLS;SEASHELLS;9998.0;1
-1877000;Charlie;Paris;BANANAS;SEASHELLS;4972.0;1
-1876900;Caesar;Penelope;BANANAS;SEASHELLS;4975.0;5
-1876900;Caesar;Paris;BANANAS;SEASHELLS;4972.0;1
-1876800;Paris;Camilla;BANANAS;SEASHELLS;4977.0;1
-1876000;Penelope;Charlie;BANANAS;SEASHELLS;4977.0;7
-1876000;Penelope;Caesar;BANANAS;SEASHELLS;4977.0;1
-1876000;Paris;Charlie;BANANAS;SEASHELLS;4976.0;1
-1875800;Penelope;Charlie;BANANAS;SEASHELLS;4977.0;7
-1875600;Paris;Charlie;PEARLS;SEASHELLS;10002.0;1
-1875500;Charlie;Penelope;PEARLS;SEASHELLS;9995.0;5
-1875300;Charlie;Pablo;PEARLS;SEASHELLS;9998.0;1
-1875100;Paris;Camilla;PEARLS;SEASHELLS;10002.0;2
-1875100;Paris;Camilla;BANANAS;SEASHELLS;4975.0;2
-1874900;Charlie;Paris;PEARLS;SEASHELLS;9998.0;1
-1874900;Caesar;Paris;BANANAS;SEASHELLS;4970.0;1
-1874800;Paris;Pablo;BANANAS;SEASHELLS;4971.0;1
-1874800;Paris;Caesar;PEARLS;SEASHELLS;10004.0;1
-1874700;Paris;Charlie;BANANAS;SEASHELLS;4976.0;2
-1874700;Paris;Charlie;PEARLS;SEASHELLS;10005.0;2
-1874600;Charlie;Paris;BANANAS;SEASHELLS;4970.0;2
-1874600;Caesar;Paris;PEARLS;SEASHELLS;9996.0;2
-1873600;Caesar;Penelope;PEARLS;SEASHELLS;9996.0;1
-1873600;Charlie;Penelope;PEARLS;SEASHELLS;9996.0;3
-1873500;Camilla;Penelope;PEARLS;SEASHELLS;9998.0;4
-1873300;Gina;Camilla;BANANAS;SEASHELLS;4977.0;7
-1873000;Charlie;Gary;PEARLS;SEASHELLS;9995.0;12
-1872800;Pablo;Camilla;PEARLS;SEASHELLS;10002.0;2
-1872700;Charlie;Paris;BANANAS;SEASHELLS;4973.0;1
-1872600;Paris;Charlie;PEARLS;SEASHELLS;10002.0;1
-1872400;Charlie;Paris;BANANAS;SEASHELLS;4973.0;1
-1872200;Penelope;Caesar;PEARLS;SEASHELLS;10004.0;2
-1872100;Paris;Camilla;PEARLS;SEASHELLS;10002.0;1
-1872000;Penelope;Charlie;BANANAS;SEASHELLS;4980.0;5
-1872000;Penelope;Caesar;BANANAS;SEASHELLS;4980.0;2
-1870800;Charlie;Paris;PEARLS;SEASHELLS;9995.0;2
-1870800;Charlie;Paris;BANANAS;SEASHELLS;4972.0;2
-1870500;Penelope;Caesar;BANANAS;SEASHELLS;4980.0;1
-1870300;Charlie;Gary;BANANAS;SEASHELLS;4973.0;13
-1870300;Charlie;Paris;BANANAS;SEASHELLS;4973.0;1
-1870300;Charlie;Paris;PEARLS;SEASHELLS;9995.0;1
-1870200;Charlie;Paris;BANANAS;SEASHELLS;4974.0;1
-1869900;Pablo;Charlie;PEARLS;SEASHELLS;10002.0;4
-1869900;Pablo;Paris;PEARLS;SEASHELLS;10002.0;1
-1869800;Pablo;Paris;BANANAS;SEASHELLS;4979.0;1
-1869700;Penelope;Pablo;PEARLS;SEASHELLS;9998.0;3
-1869700;Charlie;Paris;BANANAS;SEASHELLS;4975.0;1
-1869600;Charlie;Paris;BANANAS;SEASHELLS;4975.0;1
-1869500;Pablo;Charlie;BANANAS;SEASHELLS;4980.0;3
-1869500;Charlie;Pablo;PEARLS;SEASHELLS;9998.0;3
-1868900;Caesar;Paris;BANANAS;SEASHELLS;4976.0;1
-1868800;Paris;Pablo;PEARLS;SEASHELLS;9998.0;1
-1868600;Penelope;Pablo;PEARLS;SEASHELLS;9998.0;3
-1868400;Camilla;Pablo;PEARLS;SEASHELLS;9998.0;1
-1868000;Paris;Charlie;BANANAS;SEASHELLS;4984.0;1
-1868000;Paris;Caesar;PEARLS;SEASHELLS;10004.0;1
-1867900;Camilla;Pablo;PEARLS;SEASHELLS;9998.0;5
-1867700;Caesar;Paris;PEARLS;SEASHELLS;10000.0;1
-1867700;Charlie;Paris;BANANAS;SEASHELLS;4977.0;1
-1867300;Gary;Charlie;PEARLS;SEASHELLS;10004.0;9
-1867300;Gary;Caesar;PEARLS;SEASHELLS;10004.0;1
-1866600;Paris;Caesar;PEARLS;SEASHELLS;10004.0;1
-1866600;Paris;Charlie;BANANAS;SEASHELLS;4983.0;1
-1866300;Paris;Caesar;PEARLS;SEASHELLS;10004.0;1
-1866300;Paris;Charlie;BANANAS;SEASHELLS;4981.0;1
-1865800;Gina;Charlie;BANANAS;SEASHELLS;4981.0;10
-1865300;Paris;Caesar;PEARLS;SEASHELLS;10004.0;1
-1865300;Paris;Pablo;BANANAS;SEASHELLS;4977.0;1
-1865300;Charlie;Pablo;BANANAS;SEASHELLS;4977.0;4
-1865200;Gary;Caesar;PEARLS;SEASHELLS;10004.0;2
-1865100;Paris;Camilla;PEARLS;SEASHELLS;10002.0;1
-1864700;Charlie;Paris;BANANAS;SEASHELLS;4976.0;1
-1864600;Charlie;Penelope;BANANAS;SEASHELLS;4976.0;11
-1864400;Charlie;Paris;BANANAS;SEASHELLS;4977.0;1
-1863500;Paris;Charlie;BANANAS;SEASHELLS;4985.0;2
-1863500;Paris;Charlie;PEARLS;SEASHELLS;10005.0;2
-1863500;Charlie;Paris;BANANAS;SEASHELLS;4978.0;1
-1863200;Charlie;Pablo;PEARLS;SEASHELLS;9998.0;2
-1863100;Charlie;Paris;BANANAS;SEASHELLS;4978.0;1
-1862500;Paris;Camilla;BANANAS;SEASHELLS;4984.0;1
-1862300;Penelope;Caesar;PEARLS;SEASHELLS;10004.0;1
-1861900;Pablo;Charlie;BANANAS;SEASHELLS;4982.0;2
-1860900;Charlie;Pablo;PEARLS;SEASHELLS;9998.0;5
-1860600;Caesar;Penelope;PEARLS;SEASHELLS;9996.0;1
-1860600;Charlie;Penelope;PEARLS;SEASHELLS;9996.0;2
-1860100;Charlie;Penelope;BANANAS;SEASHELLS;4975.0;7
-1860000;Camilla;Gary;BANANAS;SEASHELLS;4976.0;1
-1859900;Charlie;Pablo;BANANAS;SEASHELLS;4977.0;5
-1859300;Paris;Caesar;BANANAS;SEASHELLS;4981.0;1
-1859300;Camilla;Pablo;PEARLS;SEASHELLS;9998.0;2
-1859200;Charlie;Paris;BANANAS;SEASHELLS;4976.0;1
-1858900;Charlie;Paris;PEARLS;SEASHELLS;9998.0;1
-1858900;Gina;Charlie;BANANAS;SEASHELLS;4980.0;12
-1858600;Paris;Charlie;BANANAS;SEASHELLS;4981.0;1
-1858400;Paris;Charlie;BANANAS;SEASHELLS;4981.0;1
-1858100;Charlie;Pablo;BANANAS;SEASHELLS;4977.0;2
-1858000;Caesar;Penelope;PEARLS;SEASHELLS;9996.0;1
-1857600;Paris;Charlie;BANANAS;SEASHELLS;4982.0;1
-1857600;Paris;Caesar;PEARLS;SEASHELLS;10004.0;1
-1857200;Paris;Charlie;BANANAS;SEASHELLS;4982.0;1
-1857100;Penelope;Charlie;BANANAS;SEASHELLS;4983.0;12
-1856900;Charlie;Paris;BANANAS;SEASHELLS;4976.0;2
-1856900;Charlie;Paris;PEARLS;SEASHELLS;9995.0;2
-1856800;Charlie;Paris;BANANAS;SEASHELLS;4976.0;1
-1856800;Charlie;Paris;PEARLS;SEASHELLS;9995.0;1
-1856800;Charlie;Paris;PEARLS;SEASHELLS;9998.0;1
-1856700;Charlie;Paris;BANANAS;SEASHELLS;4976.0;1
-1856200;Camilla;Paris;PEARLS;SEASHELLS;9998.0;1
-1856200;Camilla;Paris;BANANAS;SEASHELLS;4975.0;1
-1855900;Pablo;Charlie;PEARLS;SEASHELLS;10002.0;1
-1855800;Paris;Caesar;BANANAS;SEASHELLS;4979.0;1
-1855800;Paris;Caesar;PEARLS;SEASHELLS;10004.0;1
-1855400;Camilla;Pablo;PEARLS;SEASHELLS;9998.0;3
-1855200;Paris;Charlie;BANANAS;SEASHELLS;4978.0;1
-1855100;Paris;Charlie;PEARLS;SEASHELLS;10002.0;1
-1854200;Charlie;Pablo;PEARLS;SEASHELLS;9998.0;3
-1854200;Paris;Camilla;BANANAS;SEASHELLS;4978.0;1
-1854100;Paris;Penelope;BANANAS;SEASHELLS;4978.0;1
-1854100;Paris;Caesar;PEARLS;SEASHELLS;10004.0;1
-1853700;Paris;Charlie;PEARLS;SEASHELLS;10005.0;2
-1853700;Paris;Charlie;BANANAS;SEASHELLS;4980.0;2
-1853300;Penelope;Charlie;PEARLS;SEASHELLS;10005.0;5
-1853100;Charlie;Paris;BANANAS;SEASHELLS;4973.0;1
-1853100;Gary;Caesar;PEARLS;SEASHELLS;10004.0;2
-1853100;Gary;Charlie;PEARLS;SEASHELLS;10004.0;8
-1852700;Charlie;Penelope;BANANAS;SEASHELLS;4973.0;10
-1852600;Charlie;Paris;PEARLS;SEASHELLS;9995.0;1
-1852600;Charlie;Paris;BANANAS;SEASHELLS;4973.0;1
-1852200;Paris;Charlie;BANANAS;SEASHELLS;4977.0;1
-1852200;Charlie;Paris;PEARLS;SEASHELLS;9998.0;1
-1852000;Caesar;Paris;PEARLS;SEASHELLS;10000.0;1
-1852000;Caesar;Paris;PEARLS;SEASHELLS;9998.0;1
-1852000;Caesar;Paris;BANANAS;SEASHELLS;4974.0;1
-1851800;Charlie;Paris;PEARLS;SEASHELLS;9995.0;2
-1851800;Paris;Paris;BANANAS;SEASHELLS;4976.0;1
-1851500;Paris;Charlie;BANANAS;SEASHELLS;4976.0;1
-1851300;Charlie;Paris;BANANAS;SEASHELLS;4971.0;1
-1850000;Caesar;Paris;BANANAS;SEASHELLS;4969.0;1
-1849900;Paris;Charlie;BANANAS;SEASHELLS;4975.0;1
-1849900;Paris;Caesar;PEARLS;SEASHELLS;10004.0;1
-1849700;Caesar;Paris;PEARLS;SEASHELLS;9996.0;1
-1849700;Charlie;Paris;BANANAS;SEASHELLS;4970.0;1
-1848800;Penelope;Charlie;BANANAS;SEASHELLS;4979.0;6
-1848600;Camilla;Paris;BANANAS;SEASHELLS;4973.0;1
-1848600;Paris;Charlie;PEARLS;SEASHELLS;10002.0;1
-1848500;Charlie;Pablo;BANANAS;SEASHELLS;4974.0;1
-1848100;Charlie;Paris;BANANAS;SEASHELLS;4974.0;1
-1848000;Paris;Caesar;BANANAS;SEASHELLS;4980.0;1
-1848000;Gina;Camilla;PEARLS;SEASHELLS;10002.0;6
-1847900;Paris;Caesar;BANANAS;SEASHELLS;4981.0;2
-1847900;Paris;Caesar;PEARLS;SEASHELLS;10004.0;2
-1847700;Caesar;Paris;BANANAS;SEASHELLS;4975.0;1
-1847500;Charlie;Caesar;BANANAS;SEASHELLS;4977.0;3
-1847000;Charlie;Penelope;BANANAS;SEASHELLS;4973.0;9
-1846800;Charlie;Penelope;PEARLS;SEASHELLS;9995.0;5
-1846500;Paris;Camilla;BANANAS;SEASHELLS;4978.0;1
-1846500;Paris;Camilla;PEARLS;SEASHELLS;10002.0;1
-1846400;Charlie;Paris;BANANAS;SEASHELLS;4973.0;1
-1846300;Charlie;Paris;PEARLS;SEASHELLS;9998.0;1
-1846100;Camilla;Paris;BANANAS;SEASHELLS;4974.0;1
-1846100;Camilla;Penelope;BANANAS;SEASHELLS;4974.0;2
-1845900;Camilla;Pablo;PEARLS;SEASHELLS;9998.0;2
-1845600;Pablo;Charlie;PEARLS;SEASHELLS;10002.0;2
-1845400;Paris;Penelope;PEARLS;SEASHELLS;10002.0;1
-1845300;Charlie;Paris;BANANAS;SEASHELLS;4974.0;1
-1845200;Charlie;Paris;BANANAS;SEASHELLS;4974.0;1
-1844800;Paris;Charlie;PEARLS;SEASHELLS;10002.0;1
-1844400;Paris;Charlie;BANANAS;SEASHELLS;4981.0;1
-1844400;Paris;Paris;PEARLS;SEASHELLS;9998.0;1
-1844300;Paris;Charlie;PEARLS;SEASHELLS;10002.0;1
-1843700;Penelope;Charlie;BANANAS;SEASHELLS;4982.0;5
-1843500;Paris;Camilla;PEARLS;SEASHELLS;10002.0;1
-1843400;Gary;Charlie;BANANAS;SEASHELLS;4983.0;16
-1843300;Paris;Charlie;BANANAS;SEASHELLS;4983.0;2
-1843300;Paris;Caesar;PEARLS;SEASHELLS;10004.0;2
-1842600;Charlie;Paris;BANANAS;SEASHELLS;4975.0;1
-1842600;Paris;Paris;PEARLS;SEASHELLS;10002.0;1
-1842300;Paris;Charlie;BANANAS;SEASHELLS;4982.0;1
-1842300;Paris;Caesar;PEARLS;SEASHELLS;10004.0;1
-1842100;Paris;Charlie;BANANAS;SEASHELLS;4981.0;2
-1842100;Paris;Charlie;PEARLS;SEASHELLS;10005.0;2
-1842000;Paris;Charlie;PEARLS;SEASHELLS;10002.0;1
-1842000;Charlie;Paris;BANANAS;SEASHELLS;4974.0;1
-1841800;Camilla;Penelope;PEARLS;SEASHELLS;9998.0;8
-1841700;Paris;Charlie;PEARLS;SEASHELLS;10002.0;1
-1841700;Charlie;Paris;BANANAS;SEASHELLS;4974.0;1
-1841500;Caesar;Paris;BANANAS;SEASHELLS;4975.0;1
-1841100;Gina;Charlie;BANANAS;SEASHELLS;4980.0;12
-1840800;Camilla;Paris;PEARLS;SEASHELLS;9998.0;2
-1840800;Camilla;Gina;BANANAS;SEASHELLS;4975.0;4
-1840800;Charlie;Paris;BANANAS;SEASHELLS;4974.0;2
-1840600;Paris;Camilla;PEARLS;SEASHELLS;10002.0;1
-1840500;Camilla;Paris;BANANAS;SEASHELLS;4973.0;1
-1840100;Caesar;Paris;BANANAS;SEASHELLS;4977.0;2
-1840100;Caesar;Paris;PEARLS;SEASHELLS;9996.0;2
-1839800;Caesar;Paris;BANANAS;SEASHELLS;4975.0;1
-1839700;Paris;Camilla;BANANAS;SEASHELLS;4980.0;1
-1839600;Charlie;Paris;BANANAS;SEASHELLS;4974.0;1
-1839300;Charlie;Paris;BANANAS;SEASHELLS;4973.0;1
-1839200;Charlie;Penelope;BANANAS;SEASHELLS;4973.0;3
-1839100;Charlie;Gina;BANANAS;SEASHELLS;4974.0;13
-1838200;Charlie;Paris;BANANAS;SEASHELLS;4972.0;1
-1838000;Paris;Charlie;PEARLS;SEASHELLS;10005.0;2
-1838000;Paris;Charlie;BANANAS;SEASHELLS;4979.0;2
-1837900;Charlie;Penelope;BANANAS;SEASHELLS;4972.0;12
-1837700;Caesar;Paris;BANANAS;SEASHELLS;4975.0;2
-1837700;Pablo;Paris;PEARLS;SEASHELLS;10002.0;2
-1837600;Pablo;Paris;BANANAS;SEASHELLS;4976.0;1
-1837300;Caesar;Paris;PEARLS;SEASHELLS;9996.0;1
-1837300;Charlie;Paris;BANANAS;SEASHELLS;4973.0;1
-1837200;Charlie;Paris;PEARLS;SEASHELLS;9995.0;2
-1837200;Charlie;Paris;BANANAS;SEASHELLS;4973.0;2
-1836900;Paris;Camilla;BANANAS;SEASHELLS;4978.0;1
-1836700;Paris;Charlie;BANANAS;SEASHELLS;4979.0;1
-1836200;Gary;Caesar;BANANAS;SEASHELLS;4977.0;1
-1836100;Pablo;Charlie;PEARLS;SEASHELLS;10002.0;4
-1836100;Paris;Charlie;PEARLS;SEASHELLS;10002.0;1
-1836100;Pablo;Charlie;BANANAS;SEASHELLS;4978.0;5
-1836000;Caesar;Gary;PEARLS;SEASHELLS;10000.0;3
-1835400;Camilla;Paris;PEARLS;SEASHELLS;9998.0;1
-1835300;Caesar;Penelope;BANANAS;SEASHELLS;4973.0;2
-1835300;Charlie;Penelope;BANANAS;SEASHELLS;4973.0;7
-1835200;Paris;Pablo;PEARLS;SEASHELLS;9998.0;1
-1835000;Pablo;Charlie;PEARLS;SEASHELLS;10002.0;2
-1834700;Caesar;Penelope;PEARLS;SEASHELLS;9996.0;1
-1834700;Charlie;Penelope;PEARLS;SEASHELLS;9996.0;3
-1834300;Paris;Gina;BANANAS;SEASHELLS;4978.0;1
-1834100;Charlie;Pablo;BANANAS;SEASHELLS;4974.0;5
-1833900;Pablo;Camilla;PEARLS;SEASHELLS;10002.0;1
-1833700;Charlie;Gina;BANANAS;SEASHELLS;4973.0;13
-1833700;Paris;Charlie;PEARLS;SEASHELLS;10002.0;1
-1833600;Paris;Charlie;PEARLS;SEASHELLS;10002.0;1
-1833300;Paris;Paris;PEARLS;SEASHELLS;10002.0;1
-1833300;Gina;Paris;BANANAS;SEASHELLS;4973.0;1
-1833300;Gina;Paris;BANANAS;SEASHELLS;4978.0;1
-1832900;Camilla;Paris;BANANAS;SEASHELLS;4972.0;1
-1832900;Gary;Charlie;BANANAS;SEASHELLS;4978.0;13
-1832700;Paris;Charlie;PEARLS;SEASHELLS;10005.0;2
-1832700;Paris;Charlie;BANANAS;SEASHELLS;4979.0;2
-1831900;Paris;Charlie;PEARLS;SEASHELLS;10002.0;1
-1831800;Charlie;Paris;BANANAS;SEASHELLS;4973.0;1
-1831800;Charlie;Paris;PEARLS;SEASHELLS;9995.0;1
-1831300;Charlie;Gary;BANANAS;SEASHELLS;4975.0;11
-1831300;Camilla;Gary;BANANAS;SEASHELLS;4975.0;9
-1831100;Charlie;Pablo;PEARLS;SEASHELLS;9998.0;5
-1830800;Caesar;Paris;BANANAS;SEASHELLS;4974.0;1
-1830700;Pablo;Caesar;PEARLS;SEASHELLS;10002.0;1
-1830400;Paris;Charlie;BANANAS;SEASHELLS;4979.0;1
-1830000;Paris;Camilla;PEARLS;SEASHELLS;10002.0;2
-1830000;Paris;Camilla;BANANAS;SEASHELLS;4977.0;2
-1830000;Charlie;Paris;BANANAS;SEASHELLS;4972.0;1
-1829800;Paris;Caesar;PEARLS;SEASHELLS;10004.0;1
-1829800;Paris;Caesar;BANANAS;SEASHELLS;4977.0;1
-1829400;Caesar;Gina;BANANAS;SEASHELLS;4972.0;1
-1829200;Camilla;Pablo;BANANAS;SEASHELLS;4973.0;3
-1828900;Charlie;Gary;BANANAS;SEASHELLS;4973.0;18
-1828700;Paris;Camilla;BANANAS;SEASHELLS;4977.0;1
-1828600;Charlie;Paris;PEARLS;SEASHELLS;9998.0;1
-1828300;Paris;Caesar;PEARLS;SEASHELLS;10004.0;1
-1828300;Paris;Charlie;BANANAS;SEASHELLS;4978.0;1
-1827900;Paris;Gina;PEARLS;SEASHELLS;10002.0;1
-1827800;Paris;Charlie;PEARLS;SEASHELLS;10002.0;1
-1827700;Paris;Camilla;PEARLS;SEASHELLS;10002.0;1
-1827400;Paris;Charlie;PEARLS;SEASHELLS;10002.0;1
-1827300;Penelope;Caesar;PEARLS;SEASHELLS;10004.0;2
-1827200;Charlie;Pablo;BANANAS;SEASHELLS;4974.0;3
-1826900;Penelope;Charlie;PEARLS;SEASHELLS;10005.0;4
-1826400;Paris;Camilla;BANANAS;SEASHELLS;4978.0;1
-1826300;Charlie;Paris;PEARLS;SEASHELLS;9998.0;1
-1825900;Paris;Camilla;BANANAS;SEASHELLS;4978.0;1
-1825900;Charlie;Paris;PEARLS;SEASHELLS;9998.0;1
-1825100;Paris;Camilla;PEARLS;SEASHELLS;10002.0;1
-1825100;Paris;Camilla;BANANAS;SEASHELLS;4977.0;1
-1824800;Charlie;Paris;PEARLS;SEASHELLS;9998.0;1
-1824800;Caesar;Paris;PEARLS;SEASHELLS;9996.0;2
-1824800;Paris;Paris;BANANAS;SEASHELLS;4977.0;1
-1824500;Paris;Charlie;BANANAS;SEASHELLS;4978.0;1
-1824500;Paris;Caesar;PEARLS;SEASHELLS;10004.0;1
-1824400;Paris;Charlie;BANANAS;SEASHELLS;4977.0;1
-1824000;Caesar;Paris;BANANAS;SEASHELLS;4972.0;1
-1823900;Paris;Camilla;PEARLS;SEASHELLS;10002.0;1
-1823900;Paris;Camilla;BANANAS;SEASHELLS;4976.0;1
-1823500;Paris;Charlie;BANANAS;SEASHELLS;4979.0;2
-1823500;Paris;Caesar;PEARLS;SEASHELLS;10004.0;1
-1823100;Gary;Charlie;PEARLS;SEASHELLS;10005.0;9
-1822700;Charlie;Pablo;BANANAS;SEASHELLS;4973.0;3
-1822500;Charlie;Pablo;BANANAS;SEASHELLS;4975.0;4
-1822400;Penelope;Charlie;BANANAS;SEASHELLS;4980.0;12
-1822100;Gary;Charlie;BANANAS;SEASHELLS;4980.0;20
-1822100;Camilla;Gary;PEARLS;SEASHELLS;9998.0;3
-1821800;Paris;Charlie;BANANAS;SEASHELLS;4980.0;1
-1820400;Paris;Charlie;PEARLS;SEASHELLS;10002.0;1
-1820000;Caesar;Paris;BANANAS;SEASHELLS;4976.0;1
-1819700;Paris;Camilla;BANANAS;SEASHELLS;4981.0;1
-1819500;Charlie;Paris;BANANAS;SEASHELLS;4976.0;1
-1819100;Camilla;Pablo;PEARLS;SEASHELLS;9998.0;2
-1819100;Paris;Pablo;PEARLS;SEASHELLS;9998.0;1
-1819000;Paris;Camilla;PEARLS;SEASHELLS;10002.0;1
-1818600;Charlie;Paris;BANANAS;SEASHELLS;4977.0;1
-1818400;Caesar;Penelope;PEARLS;SEASHELLS;9996.0;1
-1818200;Paris;Charlie;BANANAS;SEASHELLS;4984.0;2
-1818200;Paris;Charlie;PEARLS;SEASHELLS;10005.0;2
-1817700;Charlie;Pablo;PEARLS;SEASHELLS;9998.0;3
-1817700;Camilla;Pablo;PEARLS;SEASHELLS;9998.0;1
-1817500;Paris;Charlie;PEARLS;SEASHELLS;10002.0;1
-1817300;Caesar;Penelope;PEARLS;SEASHELLS;9996.0;2
-1817300;Penelope;Charlie;BANANAS;SEASHELLS;4985.0;9
-1817200;Charlie;Penelope;BANANAS;SEASHELLS;4978.0;4
-1817100;Paris;Charlie;PEARLS;SEASHELLS;10002.0;1
-1816900;Pablo;Charlie;PEARLS;SEASHELLS;10002.0;1
-1816900;Charlie;Paris;BANANAS;SEASHELLS;4980.0;1
-1816600;Caesar;Paris;BANANAS;SEASHELLS;4979.0;1
-1816500;Pablo;Charlie;BANANAS;SEASHELLS;4983.0;4
-1816100;Paris;Charlie;PEARLS;SEASHELLS;10002.0;1
-1815800;Charlie;Paris;BANANAS;SEASHELLS;4979.0;1
-1815200;Caesar;Penelope;PEARLS;SEASHELLS;10000.0;2
-1815000;Charlie;Paris;PEARLS;SEASHELLS;9995.0;1
-1815000;Charlie;Paris;BANANAS;SEASHELLS;4977.0;1
-1814000;Charlie;Paris;PEARLS;SEASHELLS;9995.0;1
-1814000;Charlie;Paris;BANANAS;SEASHELLS;4978.0;1
-1813900;Charlie;Penelope;BANANAS;SEASHELLS;4978.0;4
-1813500;Caesar;Paris;BANANAS;SEASHELLS;4980.0;1
-1813500;Caesar;Paris;PEARLS;SEASHELLS;9996.0;1
-1813200;Charlie;Penelope;PEARLS;SEASHELLS;9995.0;6
-1813200;Charlie;Paris;BANANAS;SEASHELLS;4979.0;1
-1813200;Charlie;Paris;PEARLS;SEASHELLS;9995.0;1
-1813100;Gary;Charlie;BANANAS;SEASHELLS;4986.0;18
-1813100;Pablo;Charlie;PEARLS;SEASHELLS;10002.0;5
-1813100;Gary;Charlie;PEARLS;SEASHELLS;10004.0;9
-1813100;Gary;Caesar;PEARLS;SEASHELLS;10004.0;2
-1813100;Gina;Charlie;BANANAS;SEASHELLS;4984.0;8
-1812700;Paris;Camilla;BANANAS;SEASHELLS;4984.0;1
-1812700;Charlie;Pablo;PEARLS;SEASHELLS;9998.0;2
-1812600;Camilla;Gary;BANANAS;SEASHELLS;4980.0;7
-1812600;Charlie;Gary;BANANAS;SEASHELLS;4980.0;12
-1812400;Penelope;Charlie;BANANAS;SEASHELLS;4985.0;3
-1812300;Paris;Charlie;BANANAS;SEASHELLS;4983.0;1
-1811600;Camilla;Paris;BANANAS;SEASHELLS;4981.0;1
-1811500;Penelope;Charlie;BANANAS;SEASHELLS;4987.0;9
-1811300;Paris;Charlie;BANANAS;SEASHELLS;4986.0;1
-1811300;Paris;Charlie;PEARLS;SEASHELLS;10002.0;1
-1811100;Paris;Charlie;BANANAS;SEASHELLS;4986.0;1
-1811000;Paris;Charlie;PEARLS;SEASHELLS;10002.0;1
-1810700;Gina;Paris;BANANAS;SEASHELLS;4980.0;1
-1810600;Paris;Caesar;BANANAS;SEASHELLS;4985.0;1
-1810400;Gary;Charlie;BANANAS;SEASHELLS;4986.0;14
-1810300;Paris;Charlie;BANANAS;SEASHELLS;4987.0;1
-1810300;Paris;Charlie;PEARLS;SEASHELLS;10005.0;1
-1810100;Camilla;Paris;PEARLS;SEASHELLS;9998.0;1
-1809600;Penelope;Camilla;PEARLS;SEASHELLS;10002.0;4
-1809600;Penelope;Charlie;PEARLS;SEASHELLS;10002.0;1
-1808500;Caesar;Paris;BANANAS;SEASHELLS;4983.0;2
-1808500;Charlie;Paris;PEARLS;SEASHELLS;9995.0;2
-1808400;Caesar;Paris;BANANAS;SEASHELLS;4981.0;1
-1808400;Charlie;Pablo;PEARLS;SEASHELLS;9998.0;3
-1808100;Paris;Charlie;PEARLS;SEASHELLS;10002.0;1
-1806900;Camilla;Paris;BANANAS;SEASHELLS;4981.0;1
-1806600;Pablo;Charlie;PEARLS;SEASHELLS;10002.0;2
-1806400;Charlie;Paris;PEARLS;SEASHELLS;9995.0;2
-1806400;Charlie;Paris;BANANAS;SEASHELLS;4980.0;2
-1806100;Gary;Camilla;BANANAS;SEASHELLS;4986.0;6
-1805400;Paris;Pablo;PEARLS;SEASHELLS;9998.0;2
-1805400;Paris;Camilla;BANANAS;SEASHELLS;4985.0;2
-1805200;Paris;Camilla;BANANAS;SEASHELLS;4987.0;1
-1804300;Paris;Charlie;PEARLS;SEASHELLS;10002.0;1
-1804000;Paris;Camilla;BANANAS;SEASHELLS;4988.0;1
-1803900;Charlie;Paris;BANANAS;SEASHELLS;4983.0;1
-1803600;Charlie;Paris;BANANAS;SEASHELLS;4984.0;1
-1803400;Camilla;Paris;PEARLS;SEASHELLS;9998.0;1
-1803400;Paris;Charlie;BANANAS;SEASHELLS;4989.0;1
-1803300;Camilla;Paris;PEARLS;SEASHELLS;9998.0;2
-1803300;Camilla;Paris;BANANAS;SEASHELLS;4984.0;2
-1803200;Charlie;Pablo;PEARLS;SEASHELLS;9998.0;4
-1802900;Penelope;Charlie;BANANAS;SEASHELLS;4990.0;7
-1802900;Charlie;Pablo;PEARLS;SEASHELLS;9998.0;4
-1802800;Paris;Charlie;PEARLS;SEASHELLS;10002.0;1
-1802700;Paris;Caesar;PEARLS;SEASHELLS;10004.0;2
-1802700;Paris;Charlie;BANANAS;SEASHELLS;4990.0;2
-1802600;Charlie;Pablo;PEARLS;SEASHELLS;9998.0;4
-1802400;Charlie;Paris;PEARLS;SEASHELLS;9998.0;1
-1802100;Charlie;Pablo;PEARLS;SEASHELLS;9998.0;5
-1802000;Paris;Charlie;BANANAS;SEASHELLS;4991.0;1
-1802000;Paris;Caesar;PEARLS;SEASHELLS;10004.0;1
-1801900;Paris;Charlie;BANANAS;SEASHELLS;4990.0;1
-1801600;Charlie;Paris;BANANAS;SEASHELLS;4984.0;1
-1801300;Charlie;Pablo;PEARLS;SEASHELLS;9998.0;5
-1801100;Pablo;Charlie;BANANAS;SEASHELLS;4988.0;1
-1801100;Paris;Charlie;BANANAS;SEASHELLS;4989.0;1
-1801000;Caesar;Paris;PEARLS;SEASHELLS;9996.0;1
-1801000;Charlie;Paris;BANANAS;SEASHELLS;4984.0;1
-1800600;Paris;Camilla;BANANAS;SEASHELLS;4989.0;2
-1800600;Paris;Camilla;PEARLS;SEASHELLS;10002.0;2
-1799900;Caesar;Penelope;PEARLS;SEASHELLS;9996.0;1
-1799800;Pablo;Charlie;BANANAS;SEASHELLS;4989.0;5
-1799700;Charlie;Paris;BANANAS;SEASHELLS;4984.0;2
-1799700;Caesar;Paris;PEARLS;SEASHELLS;9996.0;1
-1799700;Charlie;Paris;PEARLS;SEASHELLS;9996.0;1
-1799600;Penelope;Charlie;PEARLS;SEASHELLS;10004.0;7
-1799600;Penelope;Caesar;PEARLS;SEASHELLS;10004.0;1
-1799500;Paris;Charlie;BANANAS;SEASHELLS;4991.0;2
-1799500;Paris;Caesar;PEARLS;SEASHELLS;10004.0;2
-1799400;Penelope;Camilla;PEARLS;SEASHELLS;10002.0;1
-1799400;Charlie;Paris;BANANAS;SEASHELLS;4985.0;2
-1799400;Penelope;Paris;PEARLS;SEASHELLS;10002.0;2
-1799000;Charlie;Penelope;BANANAS;SEASHELLS;4984.0;2
-1798300;Charlie;Penelope;PEARLS;SEASHELLS;9996.0;1
-1798300;Charlie;Gina;BANANAS;SEASHELLS;4986.0;9
-1798300;Caesar;Penelope;PEARLS;SEASHELLS;9996.0;2
-1798300;Charlie;Pablo;PEARLS;SEASHELLS;9998.0;1
-1798100;Charlie;Paris;PEARLS;SEASHELLS;9998.0;1
-1797900;Charlie;Gary;BANANAS;SEASHELLS;4986.0;20
-1797900;Paris;Caesar;BANANAS;SEASHELLS;4992.0;1
-1797600;Camilla;Paris;BANANAS;SEASHELLS;4987.0;1
-1797200;Charlie;Paris;PEARLS;SEASHELLS;9998.0;1
-1797100;Charlie;Paris;BANANAS;SEASHELLS;4987.0;2
-1797100;Caesar;Paris;PEARLS;SEASHELLS;9996.0;1
-1796700;Penelope;Charlie;BANANAS;SEASHELLS;4994.0;2
-1796500;Penelope;Charlie;BANANAS;SEASHELLS;4994.0;11
-1796200;Charlie;Paris;PEARLS;SEASHELLS;9998.0;1
-1796100;Paris;Camilla;BANANAS;SEASHELLS;4992.0;2
-1796100;Paris;Pablo;PEARLS;SEASHELLS;9998.0;2
-1795800;Paris;Camilla;PEARLS;SEASHELLS;10002.0;1
-1795600;Paris;Camilla;PEARLS;SEASHELLS;10002.0;1
-1795400;Caesar;Gary;PEARLS;SEASHELLS;10000.0;3
-1795300;Penelope;Charlie;BANANAS;SEASHELLS;4993.0;4
-1795200;Gina;Pablo;PEARLS;SEASHELLS;9998.0;4
-1795200;Gina;Paris;PEARLS;SEASHELLS;9998.0;1
-1795200;Gina;Camilla;PEARLS;SEASHELLS;10002.0;6
-1795100;Paris;Camilla;BANANAS;SEASHELLS;4992.0;1
-1794800;Caesar;Paris;PEARLS;SEASHELLS;9996.0;2
-1794800;Caesar;Paris;BANANAS;SEASHELLS;4989.0;2
-1794700;Paris;Caesar;PEARLS;SEASHELLS;10004.0;1
-1794700;Paris;Caesar;BANANAS;SEASHELLS;4995.0;1
-1794400;Charlie;Penelope;PEARLS;SEASHELLS;9995.0;8
-1794100;Camilla;Pablo;PEARLS;SEASHELLS;9998.0;1
-1793800;Charlie;Paris;PEARLS;SEASHELLS;9998.0;1
-1793800;Charlie;Pablo;BANANAS;SEASHELLS;4989.0;2
-1793600;Charlie;Paris;BANANAS;SEASHELLS;4988.0;1
-1793600;Charlie;Paris;PEARLS;SEASHELLS;9995.0;1
-1792900;Paris;Charlie;PEARLS;SEASHELLS;10005.0;2
-1792900;Paris;Charlie;BANANAS;SEASHELLS;4994.0;2
-1792800;Charlie;Paris;BANANAS;SEASHELLS;4987.0;1
-1792700;Camilla;Paris;BANANAS;SEASHELLS;4987.0;1
-1792700;Penelope;Charlie;BANANAS;SEASHELLS;4993.0;6
-1792300;Paris;Charlie;BANANAS;SEASHELLS;4992.0;1
-1792200;Gary;Pablo;PEARLS;SEASHELLS;9998.0;4
-1792000;Camilla;Paris;BANANAS;SEASHELLS;4987.0;1
-1791800;Paris;Charlie;BANANAS;SEASHELLS;4993.0;1
-1791600;Charlie;Paris;BANANAS;SEASHELLS;4987.0;1
-1791500;Charlie;Paris;PEARLS;SEASHELLS;9998.0;1
-1791000;Charlie;Pablo;BANANAS;SEASHELLS;4988.0;1
-1791000;Charlie;Pablo;PEARLS;SEASHELLS;9998.0;4
-1790700;Charlie;Paris;PEARLS;SEASHELLS;9995.0;1
-1790700;Charlie;Paris;BANANAS;SEASHELLS;4987.0;1
-1790400;Charlie;Paris;BANANAS;SEASHELLS;4987.0;1
-1790100;Charlie;Paris;BANANAS;SEASHELLS;4988.0;2
-1790100;Caesar;Paris;PEARLS;SEASHELLS;9996.0;2
-1790000;Charlie;Paris;PEARLS;SEASHELLS;9998.0;1
-1790000;Charlie;Penelope;PEARLS;SEASHELLS;9995.0;4
-1789600;Paris;Gina;PEARLS;SEASHELLS;10002.0;1
-1789300;Charlie;Penelope;BANANAS;SEASHELLS;4988.0;12
-1789000;Charlie;Pablo;BANANAS;SEASHELLS;4990.0;1
-1788700;Paris;Charlie;BANANAS;SEASHELLS;4995.0;1
-1788600;Camilla;Paris;BANANAS;SEASHELLS;4990.0;1
-1788100;Penelope;Charlie;BANANAS;SEASHELLS;4995.0;5
-1787500;Paris;Camilla;BANANAS;SEASHELLS;4995.0;1
-1787300;Caesar;Penelope;PEARLS;SEASHELLS;9996.0;2
-1787300;Charlie;Paris;BANANAS;SEASHELLS;4989.0;1
-1787200;Pablo;Charlie;PEARLS;SEASHELLS;10002.0;3
-1787100;Charlie;Pablo;PEARLS;SEASHELLS;9998.0;5
-1786900;Camilla;Pablo;PEARLS;SEASHELLS;9998.0;1
-1786900;Charlie;Pablo;PEARLS;SEASHELLS;9998.0;3
-1786800;Camilla;Pablo;BANANAS;SEASHELLS;4989.0;4
-1786600;Camilla;Pablo;PEARLS;SEASHELLS;9998.0;2
-1785600;Gary;Caesar;PEARLS;SEASHELLS;10004.0;2
-1785400;Camilla;Paris;PEARLS;SEASHELLS;9998.0;1
-1785300;Charlie;Paris;BANANAS;SEASHELLS;4986.0;1
-1785200;Gina;Charlie;BANANAS;SEASHELLS;4991.0;11
-1785100;Charlie;Paris;BANANAS;SEASHELLS;4986.0;1
-1784900;Paris;Charlie;PEARLS;SEASHELLS;10005.0;2
-1784900;Paris;Charlie;BANANAS;SEASHELLS;4992.0;2
-1784800;Gary;Pablo;BANANAS;SEASHELLS;4987.0;5
-1784800;Paris;Caesar;PEARLS;SEASHELLS;10002.0;1
-1783700;Gary;Caesar;BANANAS;SEASHELLS;4993.0;1
-1783500;Paris;Camilla;PEARLS;SEASHELLS;10002.0;1
-1783500;Caesar;Paris;BANANAS;SEASHELLS;4987.0;1
-1783300;Charlie;Paris;BANANAS;SEASHELLS;4987.0;1
-1783300;Charlie;Gary;BANANAS;SEASHELLS;4987.0;12
-1782900;Paris;Charlie;BANANAS;SEASHELLS;4992.0;1
-1782900;Paris;Caesar;PEARLS;SEASHELLS;10004.0;1
-1782500;Paris;Charlie;PEARLS;SEASHELLS;10002.0;1
-1782300;Charlie;Pablo;BANANAS;SEASHELLS;4987.0;5
-1782100;Charlie;Paris;BANANAS;SEASHELLS;4986.0;1
-1782100;Caesar;Paris;PEARLS;SEASHELLS;9996.0;1
-1781900;Charlie;Paris;PEARLS;SEASHELLS;9998.0;1
-1781700;Charlie;Gary;BANANAS;SEASHELLS;4986.0;19
-1781600;Paris;Caesar;BANANAS;SEASHELLS;4991.0;1
-1781600;Paris;Charlie;PEARLS;SEASHELLS;10005.0;1
-1781600;Paris;Caesar;BANANAS;SEASHELLS;4988.0;1
-1780400;Paris;Camilla;BANANAS;SEASHELLS;4990.0;1
-1780100;Paris;Camilla;BANANAS;SEASHELLS;4991.0;1
-1779900;Paris;Paris;BANANAS;SEASHELLS;4991.0;1
-1779900;Caesar;Paris;PEARLS;SEASHELLS;9996.0;1
-1779700;Paris;Paris;PEARLS;SEASHELLS;10002.0;1
-1779700;Charlie;Paris;BANANAS;SEASHELLS;4986.0;2
-1779200;Camilla;Paris;BANANAS;SEASHELLS;4986.0;1
-1779100;Pablo;Camilla;BANANAS;SEASHELLS;4989.0;2
-1778500;Paris;Charlie;BANANAS;SEASHELLS;4988.0;1
-1778300;Charlie;Paris;BANANAS;SEASHELLS;4983.0;1
-1777500;Paris;Paris;PEARLS;SEASHELLS;9998.0;1
-1777500;Paris;Charlie;BANANAS;SEASHELLS;4991.0;2
-1777400;Pablo;Paris;PEARLS;SEASHELLS;10002.0;1
-1777100;Penelope;Charlie;PEARLS;SEASHELLS;10005.0;8
-1776800;Pablo;Paris;BANANAS;SEASHELLS;4989.0;1
-1776800;Pablo;Charlie;PEARLS;SEASHELLS;10002.0;1
-1776600;Paris;Charlie;BANANAS;SEASHELLS;4989.0;1
-1776100;Pablo;Charlie;PEARLS;SEASHELLS;10002.0;3
-1775700;Paris;Caesar;PEARLS;SEASHELLS;10004.0;2
-1775700;Paris;Caesar;BANANAS;SEASHELLS;4990.0;2
-1775500;Paris;Charlie;BANANAS;SEASHELLS;4990.0;1
-1775500;Paris;Caesar;PEARLS;SEASHELLS;10004.0;1
-1775400;Charlie;Paris;BANANAS;SEASHELLS;4984.0;1
-1775200;Penelope;Charlie;PEARLS;SEASHELLS;10005.0;7
-1775100;Charlie;Paris;BANANAS;SEASHELLS;4984.0;1
-1774200;Charlie;Paris;BANANAS;SEASHELLS;4983.0;1
-1774100;Gary;Charlie;BANANAS;SEASHELLS;4990.0;14
-1774000;Charlie;Paris;PEARLS;SEASHELLS;9995.0;2
-1774000;Charlie;Paris;BANANAS;SEASHELLS;4983.0;2
-1773900;Paris;Charlie;BANANAS;SEASHELLS;4990.0;1
-1773900;Paris;Charlie;PEARLS;SEASHELLS;10005.0;1
-1773700;Charlie;Pablo;BANANAS;SEASHELLS;4984.0;3
-1773700;Paris;Camilla;PEARLS;SEASHELLS;10002.0;1
-1773500;Paris;Charlie;PEARLS;SEASHELLS;10002.0;1
-1773300;Charlie;Paris;BANANAS;SEASHELLS;4983.0;1
-1773200;Paris;Charlie;BANANAS;SEASHELLS;4989.0;1
-1772600;Camilla;Pablo;PEARLS;SEASHELLS;9998.0;5
-1772400;Charlie;Penelope;PEARLS;SEASHELLS;9998.0;3
-1772400;Camilla;Paris;PEARLS;SEASHELLS;9998.0;1
-1772400;Paris;Charlie;BANANAS;SEASHELLS;4989.0;1
-1772400;Camilla;Penelope;PEARLS;SEASHELLS;9998.0;3
-1772300;Paris;Caesar;PEARLS;SEASHELLS;10004.0;1
-1772300;Camilla;Pablo;PEARLS;SEASHELLS;9998.0;4
-1772300;Paris;Caesar;BANANAS;SEASHELLS;4989.0;1
-1772200;Charlie;Paris;BANANAS;SEASHELLS;4983.0;1
-1772100;Pablo;Charlie;BANANAS;SEASHELLS;4988.0;5
-1772100;Paris;Charlie;BANANAS;SEASHELLS;4989.0;1
-1772000;Pablo;Charlie;BANANAS;SEASHELLS;4987.0;3
-1771700;Camilla;Pablo;PEARLS;SEASHELLS;9998.0;4
-1771300;Camilla;Paris;PEARLS;SEASHELLS;9998.0;1
-1771200;Paris;Pablo;BANANAS;SEASHELLS;4986.0;1
-1770800;Penelope;Charlie;PEARLS;SEASHELLS;10005.0;8
-1770400;Penelope;Camilla;PEARLS;SEASHELLS;10002.0;4
-1770200;Pablo;Penelope;BANANAS;SEASHELLS;4992.0;2
-1770000;Paris;Charlie;PEARLS;SEASHELLS;10002.0;1
-1769600;Charlie;Paris;BANANAS;SEASHELLS;4987.0;1
-1769400;Charlie;Paris;BANANAS;SEASHELLS;4986.0;2
-1769400;Charlie;Pablo;BANANAS;SEASHELLS;4988.0;1
-1769400;Caesar;Paris;PEARLS;SEASHELLS;9996.0;2
-1769400;Paris;Pablo;BANANAS;SEASHELLS;4988.0;1
-1769300;Paris;Camilla;BANANAS;SEASHELLS;4992.0;1
-1769300;Charlie;Gary;BANANAS;SEASHELLS;4986.0;19
-1768900;Paris;Charlie;BANANAS;SEASHELLS;4992.0;1
-1768200;Charlie;Pablo;BANANAS;SEASHELLS;4987.0;5
-1767900;Charlie;Pablo;BANANAS;SEASHELLS;4987.0;4
-1767800;Pablo;Charlie;BANANAS;SEASHELLS;4991.0;2
-1767500;Charlie;Paris;BANANAS;SEASHELLS;4987.0;1
-1767300;Charlie;Pablo;PEARLS;SEASHELLS;9998.0;2
-1767300;Charlie;Paris;BANANAS;SEASHELLS;4987.0;1
-1767000;Charlie;Pablo;PEARLS;SEASHELLS;9998.0;4
-1766900;Paris;Camilla;PEARLS;SEASHELLS;10002.0;1
-1766900;Paris;Camilla;BANANAS;SEASHELLS;4992.0;1
-1766800;Charlie;Pablo;PEARLS;SEASHELLS;9998.0;1
-1766500;Paris;Camilla;PEARLS;SEASHELLS;10002.0;1
-1766500;Paris;Camilla;BANANAS;SEASHELLS;4993.0;1
-1766300;Gary;Caesar;BANANAS;SEASHELLS;4994.0;2
-1765500;Camilla;Paris;BANANAS;SEASHELLS;4987.0;1
-1765500;Camilla;Paris;PEARLS;SEASHELLS;9998.0;1
-1765200;Charlie;Pablo;PEARLS;SEASHELLS;9998.0;1
-1764600;Paris;Charlie;BANANAS;SEASHELLS;4991.0;1
-1764600;Charlie;Paris;PEARLS;SEASHELLS;9998.0;1
-1764300;Paris;Charlie;PEARLS;SEASHELLS;10002.0;1
-1763900;Charlie;Paris;PEARLS;SEASHELLS;9998.0;1
-1763900;Charlie;Penelope;PEARLS;SEASHELLS;9995.0;5
-1763900;Charlie;Gary;PEARLS;SEASHELLS;9995.0;12
-1763600;Charlie;Paris;BANANAS;SEASHELLS;4984.0;2
-1763600;Charlie;Paris;PEARLS;SEASHELLS;9998.0;1
-1763600;Caesar;Paris;PEARLS;SEASHELLS;9996.0;2
-1763500;Charlie;Paris;BANANAS;SEASHELLS;4984.0;1
-1763500;Charlie;Penelope;PEARLS;SEASHELLS;9995.0;2
-1763400;Caesar;Penelope;PEARLS;SEASHELLS;10000.0;3
-1763300;Charlie;Paris;BANANAS;SEASHELLS;4985.0;1
-1763000;Paris;Charlie;BANANAS;SEASHELLS;4992.0;1
-1763000;Paris;Charlie;PEARLS;SEASHELLS;10005.0;1
-1763000;Penelope;Caesar;PEARLS;SEASHELLS;10004.0;1
-1762900;Charlie;Penelope;PEARLS;SEASHELLS;9995.0;4
-1762900;Charlie;Paris;PEARLS;SEASHELLS;9998.0;1
-1762700;Charlie;Pablo;BANANAS;SEASHELLS;4986.0;2
-1762500;Penelope;Charlie;BANANAS;SEASHELLS;4992.0;10
-1762300;Camilla;Paris;BANANAS;SEASHELLS;4985.0;1
-1762100;Paris;Charlie;BANANAS;SEASHELLS;4991.0;1
-1762100;Paris;Caesar;PEARLS;SEASHELLS;10004.0;1
-1762000;Paris;Charlie;BANANAS;SEASHELLS;4991.0;1
-1762000;Paris;Caesar;PEARLS;SEASHELLS;10004.0;1
-1762000;Penelope;Caesar;BANANAS;SEASHELLS;4990.0;2
-1761300;Charlie;Paris;BANANAS;SEASHELLS;4983.0;2
-1761300;Paris;Paris;PEARLS;SEASHELLS;10002.0;1
-1761100;Gary;Charlie;BANANAS;SEASHELLS;4990.0;20
-1760900;Charlie;Paris;BANANAS;SEASHELLS;4984.0;1
-1760800;Paris;Charlie;BANANAS;SEASHELLS;4990.0;1
-1760600;Paris;Charlie;PEARLS;SEASHELLS;10002.0;1
-1760200;Camilla;Paris;PEARLS;SEASHELLS;9998.0;1
-1759900;Caesar;Paris;PEARLS;SEASHELLS;9998.0;1
-1759300;Camilla;Pablo;PEARLS;SEASHELLS;9998.0;1
-1759000;Charlie;Paris;BANANAS;SEASHELLS;4983.0;1
-1758800;Charlie;Paris;BANANAS;SEASHELLS;4982.0;1
-1758800;Gary;Pablo;PEARLS;SEASHELLS;9998.0;3
-1758700;Charlie;Gina;PEARLS;SEASHELLS;9998.0;4
-1758700;Camilla;Gina;PEARLS;SEASHELLS;9998.0;8
-1758600;Caesar;Gary;PEARLS;SEASHELLS;9996.0;1
-1758600;Charlie;Gary;PEARLS;SEASHELLS;9996.0;9
-1758500;Charlie;Paris;BANANAS;SEASHELLS;4981.0;1
-1758300;Penelope;Camilla;BANANAS;SEASHELLS;4986.0;6
-1758300;Paris;Camilla;PEARLS;SEASHELLS;10002.0;2
-1758300;Paris;Camilla;BANANAS;SEASHELLS;4986.0;2
-1758200;Pablo;Paris;PEARLS;SEASHELLS;10002.0;1
-1757800;Gary;Charlie;BANANAS;SEASHELLS;4988.0;20
-1757800;Charlie;Paris;PEARLS;SEASHELLS;9998.0;1
-1757700;Paris;Charlie;PEARLS;SEASHELLS;10002.0;1
-1757500;Charlie;Penelope;BANANAS;SEASHELLS;4981.0;6
-1757400;Paris;Charlie;BANANAS;SEASHELLS;4986.0;1
-1757200;Penelope;Charlie;PEARLS;SEASHELLS;10005.0;8
-1757100;Paris;Charlie;BANANAS;SEASHELLS;4985.0;1
-1756900;Charlie;Paris;BANANAS;SEASHELLS;4980.0;1
-1756800;Penelope;Charlie;PEARLS;SEASHELLS;10005.0;4
-1756700;Camilla;Pablo;PEARLS;SEASHELLS;9998.0;3
-1756600;Caesar;Paris;PEARLS;SEASHELLS;9996.0;1
-1756600;Paris;Paris;BANANAS;SEASHELLS;4987.0;1
-1756400;Charlie;Paris;BANANAS;SEASHELLS;4982.0;1
-1756300;Charlie;Paris;BANANAS;SEASHELLS;4981.0;2
-1756300;Caesar;Paris;PEARLS;SEASHELLS;9996.0;1
-1755900;Charlie;Paris;PEARLS;SEASHELLS;9998.0;1
-1755600;Charlie;Paris;PEARLS;SEASHELLS;9998.0;1
-1755300;Paris;Charlie;BANANAS;SEASHELLS;4986.0;1
-1755100;Paris;Caesar;PEARLS;SEASHELLS;10002.0;1
-1755000;Gary;Camilla;PEARLS;SEASHELLS;10002.0;8
-1755000;Penelope;Camilla;BANANAS;SEASHELLS;4986.0;8
-1754900;Caesar;Penelope;BANANAS;SEASHELLS;4981.0;1
-1754800;Charlie;Paris;BANANAS;SEASHELLS;4981.0;1
-1753900;Pablo;Charlie;PEARLS;SEASHELLS;10002.0;3
-1753800;Pablo;Charlie;PEARLS;SEASHELLS;10002.0;3
-1753500;Camilla;Pablo;BANANAS;SEASHELLS;4980.0;3
-1752900;Charlie;Paris;PEARLS;SEASHELLS;9998.0;1
-1752700;Caesar;Paris;BANANAS;SEASHELLS;4979.0;1
-1752400;Camilla;Pablo;PEARLS;SEASHELLS;9998.0;2
-1752400;Penelope;Charlie;BANANAS;SEASHELLS;4987.0;4
-1752400;Camilla;Penelope;PEARLS;SEASHELLS;9998.0;1
-1752400;Camilla;Paris;BANANAS;SEASHELLS;4980.0;1
-1752400;Charlie;Penelope;PEARLS;SEASHELLS;9998.0;4
-1752300;Caesar;Paris;PEARLS;SEASHELLS;9996.0;2
-1752300;Camilla;Gina;PEARLS;SEASHELLS;9998.0;6
-1752300;Camilla;Paris;BANANAS;SEASHELLS;4981.0;2
-1752100;Charlie;Gary;PEARLS;SEASHELLS;9996.0;9
-1752100;Caesar;Gary;PEARLS;SEASHELLS;9996.0;1
-1751900;Gary;Camilla;BANANAS;SEASHELLS;4985.0;1
-1751700;Pablo;Charlie;BANANAS;SEASHELLS;4984.0;3
-1751600;Caesar;Paris;PEARLS;SEASHELLS;9996.0;1
-1751600;Charlie;Gary;BANANAS;SEASHELLS;4980.0;16
-1751600;Charlie;Paris;BANANAS;SEASHELLS;4980.0;1
-1751300;Charlie;Paris;PEARLS;SEASHELLS;9998.0;1
-1751000;Paris;Charlie;PEARLS;SEASHELLS;10002.0;1
-1750800;Gary;Camilla;BANANAS;SEASHELLS;4984.0;9
-1750700;Charlie;Paris;PEARLS;SEASHELLS;9998.0;1
-1750600;Camilla;Paris;BANANAS;SEASHELLS;4980.0;1
-1750600;Camilla;Paris;PEARLS;SEASHELLS;9998.0;1
-1750200;Paris;Charlie;PEARLS;SEASHELLS;10002.0;1
-1750100;Paris;Charlie;PEARLS;SEASHELLS;10002.0;1
-1750100;Paris;Charlie;BANANAS;SEASHELLS;4985.0;1
-1749700;Pablo;Caesar;BANANAS;SEASHELLS;4985.0;2
-1749500;Pablo;Charlie;PEARLS;SEASHELLS;10002.0;1
-1749500;Paris;Charlie;PEARLS;SEASHELLS;10005.0;2
-1749500;Paris;Charlie;BANANAS;SEASHELLS;4988.0;2
-1749400;Paris;Charlie;BANANAS;SEASHELLS;4987.0;1
-1749300;Caesar;Pablo;PEARLS;SEASHELLS;9998.0;3
-1748900;Pablo;Charlie;PEARLS;SEASHELLS;10002.0;5
-1748700;Charlie;Paris;BANANAS;SEASHELLS;4982.0;1
-1748500;Penelope;Charlie;BANANAS;SEASHELLS;4989.0;4
-1748300;Caesar;Penelope;PEARLS;SEASHELLS;9996.0;2
-1748300;Charlie;Penelope;PEARLS;SEASHELLS;9996.0;2
-1748300;Charlie;Paris;PEARLS;SEASHELLS;9998.0;1
-1747700;Penelope;Camilla;PEARLS;SEASHELLS;10002.0;5
-1747200;Caesar;Paris;PEARLS;SEASHELLS;9996.0;2
-1747200;Charlie;Paris;BANANAS;SEASHELLS;4984.0;2
-1746600;Charlie;Penelope;BANANAS;SEASHELLS;4985.0;10
-1746500;Charlie;Paris;BANANAS;SEASHELLS;4985.0;1
-1746500;Caesar;Paris;PEARLS;SEASHELLS;9996.0;1
-1746300;Charlie;Paris;BANANAS;SEASHELLS;4986.0;1
-1746200;Paris;Camilla;PEARLS;SEASHELLS;10002.0;1
-1746000;Paris;Gina;BANANAS;SEASHELLS;4988.0;2
-1746000;Charlie;Gina;BANANAS;SEASHELLS;4988.0;10
-1746000;Paris;Charlie;PEARLS;SEASHELLS;10005.0;2
-1745300;Paris;Charlie;BANANAS;SEASHELLS;4994.0;1
-1745300;Paris;Caesar;PEARLS;SEASHELLS;10004.0;1
-1745200;Paris;Charlie;PEARLS;SEASHELLS;10002.0;1
-1745000;Charlie;Paris;BANANAS;SEASHELLS;4987.0;1
-1744900;Charlie;Paris;BANANAS;SEASHELLS;4988.0;2
-1744900;Caesar;Paris;PEARLS;SEASHELLS;9996.0;1
-1744600;Charlie;Paris;BANANAS;SEASHELLS;4988.0;1
-1744300;Pablo;Charlie;BANANAS;SEASHELLS;4992.0;1
-1744000;Penelope;Charlie;BANANAS;SEASHELLS;4994.0;6
-1744000;Paris;Charlie;BANANAS;SEASHELLS;4993.0;1
-1744000;Penelope;Caesar;BANANAS;SEASHELLS;4994.0;1
-1743800;Charlie;Gary;BANANAS;SEASHELLS;4989.0;15
-1743000;Paris;Camilla;PEARLS;SEASHELLS;10002.0;1
-1742900;Charlie;Pablo;BANANAS;SEASHELLS;4991.0;1
-1742900;Paris;Pablo;BANANAS;SEASHELLS;4991.0;1
-1742700;Pablo;Charlie;BANANAS;SEASHELLS;4995.0;5
-1742400;Caesar;Paris;BANANAS;SEASHELLS;4991.0;1
-1742400;Caesar;Paris;PEARLS;SEASHELLS;9996.0;1
-1742000;Charlie;Paris;PEARLS;SEASHELLS;9998.0;1
-1741800;Charlie;Paris;BANANAS;SEASHELLS;4990.0;2
-1741800;Charlie;Paris;PEARLS;SEASHELLS;9995.0;2
-1741600;Penelope;Charlie;PEARLS;SEASHELLS;10005.0;5
-1740700;Camilla;Paris;BANANAS;SEASHELLS;4991.0;1
-1740700;Camilla;Paris;PEARLS;SEASHELLS;9998.0;1
-1740500;Paris;Camilla;BANANAS;SEASHELLS;4995.0;1
-1740000;Paris;Camilla;PEARLS;SEASHELLS;10002.0;1
-1739800;Charlie;Paris;PEARLS;SEASHELLS;9995.0;1
-1739800;Charlie;Paris;BANANAS;SEASHELLS;4989.0;1
-1739700;Caesar;Paris;BANANAS;SEASHELLS;4990.0;1
-1739700;Paris;Charlie;PEARLS;SEASHELLS;10002.0;1
-1739400;Penelope;Caesar;PEARLS;SEASHELLS;10004.0;1
-1739400;Caesar;Paris;BANANAS;SEASHELLS;4990.0;1
-1739000;Paris;Pablo;BANANAS;SEASHELLS;4990.0;1
-1738800;Paris;Camilla;PEARLS;SEASHELLS;10002.0;1
-1738700;Paris;Penelope;PEARLS;SEASHELLS;10002.0;1
-1738500;Camilla;Paris;BANANAS;SEASHELLS;4989.0;1
-1738500;Camilla;Paris;PEARLS;SEASHELLS;9998.0;1
-1738400;Paris;Charlie;PEARLS;SEASHELLS;10002.0;1
-1738200;Paris;Camilla;BANANAS;SEASHELLS;4994.0;1
-1738100;Charlie;Paris;BANANAS;SEASHELLS;4989.0;1
-1737800;Paris;Charlie;BANANAS;SEASHELLS;4996.0;2
-1737800;Paris;Charlie;PEARLS;SEASHELLS;10005.0;2
-1737600;Paris;Camilla;PEARLS;SEASHELLS;10002.0;1
-1737500;Charlie;Pablo;PEARLS;SEASHELLS;9998.0;2
-1737200;Charlie;Paris;BANANAS;SEASHELLS;4990.0;1
-1737100;Paris;Charlie;BANANAS;SEASHELLS;4996.0;1
-1736300;Caesar;Paris;BANANAS;SEASHELLS;4991.0;1
-1736200;Paris;Camilla;PEARLS;SEASHELLS;10002.0;1
-1735500;Camilla;Pablo;BANANAS;SEASHELLS;4991.0;5
-1735300;Charlie;Paris;PEARLS;SEASHELLS;9998.0;1
-1735000;Charlie;Paris;PEARLS;SEASHELLS;9998.0;1
-1734300;Penelope;Caesar;BANANAS;SEASHELLS;4995.0;2
-1734300;Paris;Charlie;BANANAS;SEASHELLS;4996.0;2
-1734300;Paris;Caesar;PEARLS;SEASHELLS;10004.0;2
-1734100;Caesar;Paris;BANANAS;SEASHELLS;4992.0;1
-1734100;Paris;Camilla;BANANAS;SEASHELLS;4994.0;1
-1734100;Caesar;Paris;PEARLS;SEASHELLS;10000.0;1
-1734000;Camilla;Pablo;PEARLS;SEASHELLS;9998.0;3
-1734000;Camilla;Paris;BANANAS;SEASHELLS;4990.0;1
-1733700;Charlie;Paris;BANANAS;SEASHELLS;4989.0;1
-1733500;Paris;Charlie;BANANAS;SEASHELLS;4995.0;1
-1733300;Paris;Charlie;PEARLS;SEASHELLS;10002.0;1
-1733200;Paris;Charlie;BANANAS;SEASHELLS;4997.0;1
-1733200;Paris;Caesar;PEARLS;SEASHELLS;10004.0;1
-1733000;Charlie;Paris;BANANAS;SEASHELLS;4991.0;1
-1733000;Pablo;Charlie;PEARLS;SEASHELLS;10002.0;5
-1732400;Paris;Charlie;PEARLS;SEASHELLS;10002.0;1
-1732100;Pablo;Charlie;BANANAS;SEASHELLS;4994.0;1
-1731200;Penelope;Caesar;PEARLS;SEASHELLS;10004.0;2
-1731000;Charlie;Paris;BANANAS;SEASHELLS;4990.0;1
-1731000;Caesar;Paris;BANANAS;SEASHELLS;4990.0;1
-1731000;Charlie;Paris;PEARLS;SEASHELLS;9996.0;1
-1731000;Caesar;Paris;PEARLS;SEASHELLS;9996.0;1
-1730800;Paris;Camilla;BANANAS;SEASHELLS;4994.0;1
-1730800;Gina;Camilla;PEARLS;SEASHELLS;10002.0;8
-1730600;Charlie;Penelope;PEARLS;SEASHELLS;9995.0;5
-1730300;Charlie;Paris;PEARLS;SEASHELLS;9998.0;1
-1730200;Pablo;Charlie;PEARLS;SEASHELLS;10002.0;1
-1730200;Paris;Paris;BANANAS;SEASHELLS;4994.0;1
-1730200;Pablo;Paris;PEARLS;SEASHELLS;10002.0;2
-1730100;Paris;Charlie;BANANAS;SEASHELLS;4994.0;1
-1730000;Charlie;Penelope;BANANAS;SEASHELLS;4988.0;4
-1729900;Camilla;Paris;BANANAS;SEASHELLS;4989.0;1
-1729800;Camilla;Paris;PEARLS;SEASHELLS;9998.0;1
-1729700;Camilla;Paris;BANANAS;SEASHELLS;4989.0;1
-1729600;Penelope;Charlie;PEARLS;SEASHELLS;10005.0;5
-1729400;Paris;Charlie;BANANAS;SEASHELLS;4994.0;1
-1729300;Charlie;Paris;BANANAS;SEASHELLS;4989.0;1
-1729100;Paris;Caesar;PEARLS;SEASHELLS;10004.0;2
-1729100;Paris;Charlie;BANANAS;SEASHELLS;4996.0;2
-1728800;Penelope;Camilla;BANANAS;SEASHELLS;4994.0;7
-1728400;Camilla;Paris;PEARLS;SEASHELLS;9998.0;1
-1728300;Charlie;Paris;BANANAS;SEASHELLS;4989.0;1
-1728200;Penelope;Caesar;PEARLS;SEASHELLS;10004.0;2
-1728100;Gary;Charlie;BANANAS;SEASHELLS;4995.0;14
-1727900;Paris;Charlie;BANANAS;SEASHELLS;4994.0;1
-1727800;Charlie;Paris;BANANAS;SEASHELLS;4989.0;1
-1727700;Pablo;Charlie;PEARLS;SEASHELLS;10002.0;2
-1727300;Charlie;Paris;PEARLS;SEASHELLS;9998.0;1
-1727200;Penelope;Caesar;PEARLS;SEASHELLS;10004.0;1
-1727200;Paris;Charlie;PEARLS;SEASHELLS;10005.0;2
-1727200;Paris;Charlie;BANANAS;SEASHELLS;4995.0;2
-1726600;Caesar;Gary;PEARLS;SEASHELLS;9996.0;2
-1726600;Charlie;Gary;PEARLS;SEASHELLS;9996.0;6
-1725800;Paris;Charlie;BANANAS;SEASHELLS;4994.0;1
-1725400;Charlie;Pablo;BANANAS;SEASHELLS;4989.0;1
-1725000;Paris;Charlie;BANANAS;SEASHELLS;4993.0;1
-1724400;Penelope;Paris;PEARLS;SEASHELLS;9998.0;1
-1724400;Pablo;Charlie;BANANAS;SEASHELLS;4993.0;3
-1723500;Gary;Paris;PEARLS;SEASHELLS;9998.0;1
-1723000;Caesar;Paris;BANANAS;SEASHELLS;4988.0;1
-1723000;Charlie;Paris;BANANAS;SEASHELLS;4988.0;1
-1723000;Caesar;Paris;PEARLS;SEASHELLS;9996.0;2
-1721900;Pablo;Paris;BANANAS;SEASHELLS;4991.0;1
-1721800;Charlie;Pablo;PEARLS;SEASHELLS;9998.0;3
-1721800;Charlie;Paris;BANANAS;SEASHELLS;4988.0;1
-1721500;Caesar;Gary;PEARLS;SEASHELLS;9996.0;1
-1721300;Penelope;Camilla;BANANAS;SEASHELLS;4991.0;3
-1721300;Penelope;Charlie;BANANAS;SEASHELLS;4991.0;8
-1720800;Camilla;Penelope;BANANAS;SEASHELLS;4987.0;4
-1720700;Charlie;Paris;BANANAS;SEASHELLS;4986.0;1
-1720600;Charlie;Paris;BANANAS;SEASHELLS;4985.0;2
-1720600;Caesar;Gary;PEARLS;SEASHELLS;9996.0;2
-1720600;Charlie;Paris;PEARLS;SEASHELLS;9995.0;2
-1720100;Caesar;Paris;PEARLS;SEASHELLS;9996.0;1
-1720100;Charlie;Paris;BANANAS;SEASHELLS;4985.0;2
-1719800;Gary;Charlie;BANANAS;SEASHELLS;4992.0;13
-1719600;Paris;Charlie;BANANAS;SEASHELLS;4992.0;2
-1719600;Paris;Caesar;PEARLS;SEASHELLS;10004.0;2
-1719100;Caesar;Penelope;PEARLS;SEASHELLS;10000.0;2
-1718900;Pablo;Charlie;PEARLS;SEASHELLS;10002.0;5
-1717800;Camilla;Paris;BANANAS;SEASHELLS;4984.0;1
-1717600;Pablo;Camilla;PEARLS;SEASHELLS;10002.0;1
-1717500;Charlie;Penelope;PEARLS;SEASHELLS;9995.0;2
-1716700;Paris;Charlie;BANANAS;SEASHELLS;4992.0;2
-1716700;Paris;Caesar;PEARLS;SEASHELLS;10004.0;1
-1716700;Paris;Charlie;PEARLS;SEASHELLS;10004.0;1
-1716400;Paris;Charlie;PEARLS;SEASHELLS;10002.0;1
-1716300;Charlie;Paris;PEARLS;SEASHELLS;9998.0;1
-1715800;Penelope;Charlie;BANANAS;SEASHELLS;4992.0;10
-1715700;Camilla;Paris;PEARLS;SEASHELLS;9998.0;1
-1715500;Charlie;Paris;BANANAS;SEASHELLS;4985.0;2
-1715500;Caesar;Paris;PEARLS;SEASHELLS;9996.0;2
-1714900;Charlie;Paris;BANANAS;SEASHELLS;4986.0;1
-1714900;Caesar;Paris;PEARLS;SEASHELLS;9996.0;1
-1714700;Charlie;Paris;BANANAS;SEASHELLS;4986.0;1
-1714300;Caesar;Gary;PEARLS;SEASHELLS;9996.0;2
-1714000;Paris;Paris;PEARLS;SEASHELLS;9998.0;1
-1714000;Paris;Charlie;BANANAS;SEASHELLS;4991.0;2
-1711900;Pablo;Charlie;PEARLS;SEASHELLS;10002.0;4
-1711900;Pablo;Paris;PEARLS;SEASHELLS;10002.0;1
-1711900;Charlie;Paris;BANANAS;SEASHELLS;4984.0;1
-1711400;Charlie;Paris;BANANAS;SEASHELLS;4984.0;1
-1711100;Paris;Charlie;BANANAS;SEASHELLS;4988.0;1
-1711100;Paris;Charlie;BANANAS;SEASHELLS;4989.0;1
-1711100;Paris;Caesar;PEARLS;SEASHELLS;10004.0;1
-1710600;Paris;Camilla;BANANAS;SEASHELLS;4989.0;1
-1710600;Charlie;Penelope;BANANAS;SEASHELLS;4984.0;7
-1710300;Charlie;Penelope;BANANAS;SEASHELLS;4984.0;5
-1710200;Gary;Caesar;PEARLS;SEASHELLS;10004.0;2
-1709800;Pablo;Paris;BANANAS;SEASHELLS;4988.0;1
-1709700;Paris;Charlie;BANANAS;SEASHELLS;4990.0;1
-1709700;Paris;Paris;PEARLS;SEASHELLS;9998.0;1
-1708600;Charlie;Penelope;PEARLS;SEASHELLS;9995.0;4
-1708600;Charlie;Paris;BANANAS;SEASHELLS;4986.0;1
-1708500;Charlie;Paris;PEARLS;SEASHELLS;9998.0;1
-1708300;Caesar;Paris;BANANAS;SEASHELLS;4987.0;1
-1708300;Charlie;Paris;PEARLS;SEASHELLS;9998.0;1
-1707800;Paris;Charlie;PEARLS;SEASHELLS;10002.0;1
-1707700;Charlie;Paris;BANANAS;SEASHELLS;4988.0;2
-1707700;Caesar;Paris;PEARLS;SEASHELLS;9996.0;2
-1707600;Paris;Charlie;PEARLS;SEASHELLS;10002.0;1
-1707500;Pablo;Charlie;PEARLS;SEASHELLS;10002.0;3
-1707500;Pablo;Camilla;PEARLS;SEASHELLS;10002.0;2
-1707400;Penelope;Charlie;BANANAS;SEASHELLS;4995.0;6
-1707400;Penelope;Caesar;BANANAS;SEASHELLS;4995.0;1
-1707200;Caesar;Paris;BANANAS;SEASHELLS;4989.0;1
-1707200;Paris;Paris;PEARLS;SEASHELLS;10002.0;1
-1707000;Gary;Charlie;BANANAS;SEASHELLS;4995.0;16
-1707000;Charlie;Paris;BANANAS;SEASHELLS;4988.0;1
-1706900;Camilla;Paris;BANANAS;SEASHELLS;4989.0;1
-1706600;Charlie;Paris;BANANAS;SEASHELLS;4988.0;1
-1706600;Charlie;Pablo;BANANAS;SEASHELLS;4989.0;5
-1706400;Caesar;Gina;BANANAS;SEASHELLS;4988.0;1
-1706300;Paris;Charlie;PEARLS;SEASHELLS;10002.0;1
-1706000;Charlie;Penelope;BANANAS;SEASHELLS;4988.0;9
-1705800;Caesar;Penelope;BANANAS;SEASHELLS;4988.0;1
-1705800;Charlie;Penelope;BANANAS;SEASHELLS;4988.0;4
-1705700;Gina;Charlie;BANANAS;SEASHELLS;4993.0;11
-1705100;Charlie;Paris;PEARLS;SEASHELLS;9995.0;1
-1705100;Charlie;Paris;BANANAS;SEASHELLS;4988.0;1
-1704700;Camilla;Paris;BANANAS;SEASHELLS;4989.0;1
-1704300;Paris;Caesar;PEARLS;SEASHELLS;10004.0;1
-1704300;Paris;Charlie;BANANAS;SEASHELLS;4995.0;2
-1704200;Paris;Paris;PEARLS;SEASHELLS;10002.0;1
-1704200;Charlie;Paris;BANANAS;SEASHELLS;4988.0;1
-1703900;Penelope;Pablo;BANANAS;SEASHELLS;4990.0;1
-1703800;Paris;Camilla;PEARLS;SEASHELLS;10002.0;1
-1703700;Paris;Charlie;BANANAS;SEASHELLS;4993.0;1
-1703600;Camilla;Pablo;PEARLS;SEASHELLS;9998.0;5
-1703300;Gina;Charlie;BANANAS;SEASHELLS;4992.0;8
-1703000;Charlie;Pablo;BANANAS;SEASHELLS;4988.0;2
-1702900;Paris;Charlie;BANANAS;SEASHELLS;4992.0;1
-1702700;Penelope;Caesar;PEARLS;SEASHELLS;10004.0;2
-1702600;Paris;Charlie;BANANAS;SEASHELLS;4994.0;2
-1702600;Paris;Pablo;PEARLS;SEASHELLS;9998.0;2
-1702600;Charlie;Paris;BANANAS;SEASHELLS;4987.0;1
-1702600;Gary;Caesar;BANANAS;SEASHELLS;4993.0;1
-1702300;Paris;Camilla;PEARLS;SEASHELLS;10002.0;1
-1702200;Pablo;Charlie;PEARLS;SEASHELLS;10002.0;3
-1701900;Camilla;Paris;BANANAS;SEASHELLS;4990.0;2
-1701900;Camilla;Paris;PEARLS;SEASHELLS;9998.0;2
-1701400;Charlie;Paris;BANANAS;SEASHELLS;4990.0;1
-1701200;Paris;Camilla;BANANAS;SEASHELLS;4996.0;1
-1701100;Paris;Camilla;BANANAS;SEASHELLS;4996.0;1
-1700500;Charlie;Penelope;PEARLS;SEASHELLS;9995.0;5
-1700400;Paris;Camilla;BANANAS;SEASHELLS;4996.0;1
-1700300;Paris;Charlie;BANANAS;SEASHELLS;4996.0;1
-1699300;Charlie;Penelope;BANANAS;SEASHELLS;4992.0;6
-1699200;Paris;Charlie;BANANAS;SEASHELLS;4999.0;1
-1699200;Paris;Charlie;PEARLS;SEASHELLS;10005.0;1
-1698900;Charlie;Pablo;BANANAS;SEASHELLS;4993.0;1
-1698600;Paris;Charlie;PEARLS;SEASHELLS;10005.0;2
-1698600;Paris;Charlie;BANANAS;SEASHELLS;4998.0;2
-1698500;Paris;Charlie;PEARLS;SEASHELLS;10002.0;1
-1698100;Gina;Camilla;BANANAS;SEASHELLS;4996.0;8
-1698100;Gary;Charlie;BANANAS;SEASHELLS;4998.0;20
-1697900;Paris;Charlie;BANANAS;SEASHELLS;4996.0;1
-1697900;Paris;Charlie;BANANAS;SEASHELLS;4997.0;1
-1697900;Paris;Caesar;PEARLS;SEASHELLS;10004.0;1
-1697600;Camilla;Pablo;PEARLS;SEASHELLS;9998.0;1
-1697600;Charlie;Pablo;PEARLS;SEASHELLS;9998.0;4
-1697500;Charlie;Paris;PEARLS;SEASHELLS;9998.0;1
-1697100;Caesar;Paris;BANANAS;SEASHELLS;4990.0;1
-1696900;Charlie;Paris;BANANAS;SEASHELLS;4990.0;1
-1696900;Paris;Charlie;PEARLS;SEASHELLS;10005.0;2
-1696900;Paris;Charlie;BANANAS;SEASHELLS;4997.0;2
-1696600;Charlie;Pablo;BANANAS;SEASHELLS;4991.0;5
-1696400;Camilla;Paris;BANANAS;SEASHELLS;4991.0;1
-1696400;Camilla;Pablo;PEARLS;SEASHELLS;9998.0;5
-1696300;Paris;Charlie;PEARLS;SEASHELLS;10002.0;1
-1696100;Charlie;Gary;BANANAS;SEASHELLS;4991.0;17
-1695900;Charlie;Pablo;BANANAS;SEASHELLS;4992.0;5
-1694900;Camilla;Paris;PEARLS;SEASHELLS;9998.0;1
-1694400;Penelope;Charlie;BANANAS;SEASHELLS;4996.0;12
-1694100;Pablo;Camilla;PEARLS;SEASHELLS;10002.0;3
-1694000;Camilla;Paris;BANANAS;SEASHELLS;4989.0;1
-1693700;Charlie;Paris;PEARLS;SEASHELLS;9998.0;1
-1693300;Charlie;Pablo;PEARLS;SEASHELLS;9998.0;2
-1692600;Charlie;Paris;PEARLS;SEASHELLS;9998.0;1
-1692500;Charlie;Paris;BANANAS;SEASHELLS;4989.0;1
-1692100;Paris;Charlie;BANANAS;SEASHELLS;4997.0;1
-1692100;Paris;Caesar;PEARLS;SEASHELLS;10004.0;1
-1692000;Paris;Charlie;PEARLS;SEASHELLS;10002.0;1
-1691800;Caesar;Paris;PEARLS;SEASHELLS;9996.0;1
-1691800;Charlie;Paris;BANANAS;SEASHELLS;4990.0;1
-1691700;Paris;Charlie;PEARLS;SEASHELLS;10002.0;1
-1691700;Charlie;Paris;BANANAS;SEASHELLS;4990.0;1
-1691500;Charlie;Paris;BANANAS;SEASHELLS;4991.0;1
-1691400;Charlie;Pablo;BANANAS;SEASHELLS;4992.0;5
-1691400;Charlie;Paris;BANANAS;SEASHELLS;4991.0;1
-1690800;Caesar;Pablo;BANANAS;SEASHELLS;4991.0;1
-1690400;Camilla;Paris;BANANAS;SEASHELLS;4991.0;2
-1690400;Camilla;Paris;PEARLS;SEASHELLS;9998.0;2
-1690200;Charlie;Paris;PEARLS;SEASHELLS;9998.0;1
-1689400;Paris;Camilla;PEARLS;SEASHELLS;10002.0;1
-1689200;Paris;Charlie;BANANAS;SEASHELLS;4994.0;1
-1689100;Penelope;Caesar;PEARLS;SEASHELLS;10004.0;2
-1688900;Charlie;Paris;BANANAS;SEASHELLS;4988.0;1
-1688300;Charlie;Paris;BANANAS;SEASHELLS;4988.0;2
-1688300;Caesar;Paris;PEARLS;SEASHELLS;9996.0;2
-1687700;Caesar;Paris;BANANAS;SEASHELLS;4990.0;2
-1687700;Caesar;Paris;PEARLS;SEASHELLS;9996.0;2
-1687500;Paris;Camilla;BANANAS;SEASHELLS;4995.0;1
-1687400;Gary;Caesar;PEARLS;SEASHELLS;10004.0;2
-1687400;Gary;Charlie;PEARLS;SEASHELLS;10004.0;8
-1686900;Charlie;Penelope;PEARLS;SEASHELLS;9996.0;1
-1686900;Caesar;Penelope;PEARLS;SEASHELLS;9996.0;2
-1686900;Charlie;Paris;BANANAS;SEASHELLS;4990.0;1
-1686800;Caesar;Paris;BANANAS;SEASHELLS;4990.0;1
-1686400;Penelope;Charlie;PEARLS;SEASHELLS;10005.0;5
-1686300;Charlie;Pablo;PEARLS;SEASHELLS;9998.0;2
-1686300;Camilla;Pablo;PEARLS;SEASHELLS;9998.0;2
-1686000;Pablo;Camilla;PEARLS;SEASHELLS;10002.0;1
-1685900;Paris;Camilla;PEARLS;SEASHELLS;10002.0;1
-1685800;Charlie;Caesar;BANANAS;SEASHELLS;4994.0;1
-1685300;Paris;Paris;PEARLS;SEASHELLS;10002.0;1
-1685300;Charlie;Paris;BANANAS;SEASHELLS;4992.0;2
-1684700;Pablo;Camilla;PEARLS;SEASHELLS;10002.0;5
-1684500;Camilla;Gary;PEARLS;SEASHELLS;9998.0;2
-1684200;Paris;Camilla;BANANAS;SEASHELLS;4998.0;1
-1684200;Paris;Camilla;PEARLS;SEASHELLS;10002.0;1
-1684200;Paris;Charlie;BANANAS;SEASHELLS;4999.0;1
-1684000;Camilla;Pablo;BANANAS;SEASHELLS;4993.0;2
-1683800;Paris;Caesar;PEARLS;SEASHELLS;10004.0;2
-1683800;Paris;Charlie;BANANAS;SEASHELLS;4999.0;2
-1683400;Paris;Charlie;BANANAS;SEASHELLS;5000.0;1
-1683400;Paris;Charlie;PEARLS;SEASHELLS;10005.0;1
-1683200;Camilla;Paris;BANANAS;SEASHELLS;4994.0;1
-1683100;Paris;Charlie;BANANAS;SEASHELLS;4999.0;1
-1682600;Caesar;Paris;BANANAS;SEASHELLS;4993.0;1
-1682400;Charlie;Caesar;BANANAS;SEASHELLS;4994.0;5
-1682300;Pablo;Camilla;PEARLS;SEASHELLS;10002.0;1
-1682200;Charlie;Pablo;PEARLS;SEASHELLS;9998.0;3
-1682000;Charlie;Pablo;PEARLS;SEASHELLS;9998.0;1
-1681600;Gary;Charlie;BANANAS;SEASHELLS;4997.0;15
-1681400;Pablo;Gina;PEARLS;SEASHELLS;10002.0;2
-1681300;Paris;Camilla;BANANAS;SEASHELLS;4996.0;1
-1681000;Charlie;Paris;PEARLS;SEASHELLS;9998.0;1
-1681000;Penelope;Charlie;BANANAS;SEASHELLS;4998.0;4
-1680500;Charlie;Paris;BANANAS;SEASHELLS;4992.0;1
-1680200;Paris;Caesar;PEARLS;SEASHELLS;10002.0;1
-1679900;Charlie;Paris;PEARLS;SEASHELLS;9998.0;1
-1679800;Charlie;Penelope;BANANAS;SEASHELLS;4991.0;6
-1679700;Paris;Caesar;PEARLS;SEASHELLS;10004.0;1
-1679700;Paris;Caesar;BANANAS;SEASHELLS;4997.0;1
-1679500;Caesar;Paris;BANANAS;SEASHELLS;4991.0;1
-1679100;Penelope;Charlie;PEARLS;SEASHELLS;10005.0;3
-1678900;Charlie;Penelope;BANANAS;SEASHELLS;4992.0;9
-1678900;Caesar;Penelope;BANANAS;SEASHELLS;4992.0;1
-1678700;Paris;Caesar;BANANAS;SEASHELLS;4998.0;2
-1678700;Paris;Caesar;PEARLS;SEASHELLS;10004.0;2
-1678400;Charlie;Paris;BANANAS;SEASHELLS;4993.0;1
-1678200;Caesar;Paris;BANANAS;SEASHELLS;4993.0;1
-1678100;Caesar;Paris;PEARLS;SEASHELLS;9996.0;1
-1678100;Caesar;Paris;BANANAS;SEASHELLS;4993.0;1
-1678000;Caesar;Paris;BANANAS;SEASHELLS;4994.0;1
-1677900;Charlie;Paris;BANANAS;SEASHELLS;4994.0;1
-1677500;Caesar;Paris;BANANAS;SEASHELLS;4994.0;1
-1677100;Charlie;Paris;BANANAS;SEASHELLS;4993.0;1
-1675900;Camilla;Paris;PEARLS;SEASHELLS;9998.0;2
-1675900;Caesar;Paris;BANANAS;SEASHELLS;4995.0;2
-1675800;Charlie;Paris;PEARLS;SEASHELLS;9998.0;1
-1675700;Paris;Charlie;BANANAS;SEASHELLS;4997.0;1
-1675500;Charlie;Pablo;BANANAS;SEASHELLS;4993.0;2
-1675400;Charlie;Penelope;PEARLS;SEASHELLS;9995.0;6
-1675000;Penelope;Charlie;PEARLS;SEASHELLS;10005.0;5
-1674900;Caesar;Paris;BANANAS;SEASHELLS;4992.0;1
-1674900;Caesar;Paris;PEARLS;SEASHELLS;9996.0;1
-1674500;Paris;Pablo;BANANAS;SEASHELLS;4993.0;1
-1674500;Charlie;Pablo;BANANAS;SEASHELLS;4993.0;4
-1674100;Penelope;Caesar;BANANAS;SEASHELLS;4998.0;2
-1674000;Caesar;Gary;PEARLS;SEASHELLS;9996.0;2
-1673800;Charlie;Paris;BANANAS;SEASHELLS;4991.0;1
-1673700;Charlie;Paris;BANANAS;SEASHELLS;4991.0;1
-1673600;Paris;Charlie;BANANAS;SEASHELLS;4996.0;1
-1673400;Charlie;Pablo;BANANAS;SEASHELLS;4992.0;3
-1673400;Paris;Pablo;BANANAS;SEASHELLS;4992.0;1
-1673100;Paris;Camilla;PEARLS;SEASHELLS;10002.0;1
-1673100;Charlie;Paris;BANANAS;SEASHELLS;4992.0;1
-1672900;Pablo;Charlie;PEARLS;SEASHELLS;10002.0;2
-1672600;Gina;Charlie;BANANAS;SEASHELLS;4995.0;8
-1672500;Gary;Camilla;BANANAS;SEASHELLS;4995.0;8
-1672500;Gary;Charlie;BANANAS;SEASHELLS;4995.0;9
-1672300;Camilla;Paris;BANANAS;SEASHELLS;4991.0;1
-1672200;Caesar;Paris;PEARLS;SEASHELLS;9996.0;1
-1672200;Caesar;Paris;BANANAS;SEASHELLS;4993.0;1
-1671600;Charlie;Paris;BANANAS;SEASHELLS;4991.0;1
-1671400;Paris;Charlie;BANANAS;SEASHELLS;4997.0;1
-1671000;Paris;Charlie;BANANAS;SEASHELLS;4997.0;1
-1670900;Gary;Charlie;PEARLS;SEASHELLS;10005.0;10
-1670700;Camilla;Paris;PEARLS;SEASHELLS;9998.0;1
-1670300;Charlie;Paris;PEARLS;SEASHELLS;9998.0;1
-1670200;Penelope;Charlie;PEARLS;SEASHELLS;10004.0;3
-1670200;Penelope;Caesar;PEARLS;SEASHELLS;10004.0;1
-1669600;Charlie;Paris;BANANAS;SEASHELLS;4993.0;1
-1669400;Camilla;Penelope;PEARLS;SEASHELLS;9998.0;2
-1669400;Charlie;Penelope;PEARLS;SEASHELLS;9998.0;3
-1669000;Charlie;Pablo;BANANAS;SEASHELLS;4994.0;1
-1668900;Paris;Charlie;PEARLS;SEASHELLS;10002.0;1
-1668800;Paris;Charlie;PEARLS;SEASHELLS;10002.0;1
-1668700;Charlie;Paris;BANANAS;SEASHELLS;4992.0;1
-1668600;Charlie;Paris;PEARLS;SEASHELLS;9998.0;1
-1668300;Charlie;Paris;PEARLS;SEASHELLS;9998.0;1
-1668200;Charlie;Paris;BANANAS;SEASHELLS;4992.0;1
-1668200;Caesar;Paris;PEARLS;SEASHELLS;9998.0;1
-1668200;Caesar;Paris;PEARLS;SEASHELLS;10000.0;1
-1668000;Caesar;Penelope;BANANAS;SEASHELLS;4995.0;3
-1667700;Gary;Charlie;BANANAS;SEASHELLS;5000.0;20
-1667500;Paris;Charlie;PEARLS;SEASHELLS;10002.0;1
-1667200;Penelope;Charlie;BANANAS;SEASHELLS;5000.0;11
-1666900;Paris;Caesar;PEARLS;SEASHELLS;10004.0;2
-1666900;Paris;Charlie;BANANAS;SEASHELLS;4999.0;2
-1666700;Caesar;Paris;BANANAS;SEASHELLS;4993.0;1
-1666500;Charlie;Gary;PEARLS;SEASHELLS;9995.0;9
-1666100;Pablo;Charlie;PEARLS;SEASHELLS;10002.0;2
-1666100;Pablo;Charlie;BANANAS;SEASHELLS;4997.0;3
-1665900;Charlie;Paris;BANANAS;SEASHELLS;4993.0;1
-1665700;Charlie;Paris;BANANAS;SEASHELLS;4994.0;1
-1665500;Charlie;Paris;BANANAS;SEASHELLS;4993.0;1
-1665200;Charlie;Caesar;BANANAS;SEASHELLS;4996.0;2
-1665000;Paris;Camilla;BANANAS;SEASHELLS;4999.0;1
-1664800;Charlie;Pablo;BANANAS;SEASHELLS;4996.0;1
-1664700;Charlie;Paris;PEARLS;SEASHELLS;9998.0;1
-1664600;Paris;Camilla;PEARLS;SEASHELLS;10002.0;1
-1664600;Gina;Camilla;BANANAS;SEASHELLS;4999.0;9
-1664200;Charlie;Paris;PEARLS;SEASHELLS;9998.0;1
-1664000;Charlie;Penelope;PEARLS;SEASHELLS;9995.0;8
-1663800;Paris;Pablo;PEARLS;SEASHELLS;9998.0;1
-1663800;Paris;Camilla;BANANAS;SEASHELLS;5003.0;1
-1663600;Paris;Charlie;BANANAS;SEASHELLS;5006.0;1
-1663500;Camilla;Pablo;PEARLS;SEASHELLS;9998.0;3
-1663400;Charlie;Olivia;BANANAS;SEASHELLS;5000.0;17
-1663400;Caesar;Paris;BANANAS;SEASHELLS;5001.0;2
-1663400;Caesar;Paris;PEARLS;SEASHELLS;9996.0;2
-1663300;Charlie;Paris;BANANAS;SEASHELLS;5000.0;1
-1663200;Caesar;Penelope;PEARLS;SEASHELLS;9996.0;1
-1663200;Charlie;Penelope;PEARLS;SEASHELLS;9996.0;2
-1663200;Charlie;Paris;PEARLS;SEASHELLS;9998.0;1
-1662900;Charlie;Paris;PEARLS;SEASHELLS;9998.0;1
-1662800;Camilla;Paris;BANANAS;SEASHELLS;5001.0;2
-1662800;Camilla;Paris;PEARLS;SEASHELLS;9998.0;2
-1662800;Camilla;Penelope;PEARLS;SEASHELLS;9998.0;2
-1662600;Charlie;Caesar;BANANAS;SEASHELLS;5002.0;2
-1662500;Pablo;Charlie;PEARLS;SEASHELLS;10002.0;5
-1662400;Caesar;Paris;PEARLS;SEASHELLS;9996.0;1
-1662400;Caesar;Paris;BANANAS;SEASHELLS;5001.0;1
-1662100;Charlie;Paris;BANANAS;SEASHELLS;5000.0;1
-1661700;Paris;Caesar;BANANAS;SEASHELLS;5005.0;1
-1661700;Paris;Caesar;PEARLS;SEASHELLS;10004.0;1
-1661700;Charlie;Paris;BANANAS;SEASHELLS;4999.0;1
-1661400;Paris;Charlie;BANANAS;SEASHELLS;5003.0;1
-1661000;Charlie;Paris;PEARLS;SEASHELLS;9998.0;1
-1660400;Paris;Charlie;BANANAS;SEASHELLS;5002.0;1
-1660100;Camilla;Paris;PEARLS;SEASHELLS;9998.0;1
-1659900;Paris;Charlie;BANANAS;SEASHELLS;5002.0;1
-1659500;Paris;Charlie;BANANAS;SEASHELLS;5002.0;1
-1659300;Caesar;Gary;PEARLS;SEASHELLS;9996.0;2
-1659300;Charlie;Gary;PEARLS;SEASHELLS;9996.0;2
-1659300;Penelope;Gary;PEARLS;SEASHELLS;9996.0;8
-1659000;Gary;Caesar;PEARLS;SEASHELLS;10004.0;2
-1658800;Caesar;Penelope;PEARLS;SEASHELLS;9996.0;1
-1658800;Charlie;Penelope;PEARLS;SEASHELLS;9996.0;1
-1658700;Paris;Charlie;BANANAS;SEASHELLS;5001.0;1
-1658700;Pablo;Charlie;PEARLS;SEASHELLS;10002.0;1
-1658600;Camilla;Paris;PEARLS;SEASHELLS;9998.0;1
-1658600;Camilla;Paris;BANANAS;SEASHELLS;4996.0;1
-1658100;Charlie;Paris;PEARLS;SEASHELLS;9998.0;1
-1657900;Charlie;Paris;BANANAS;SEASHELLS;4996.0;1
-1657700;Charlie;Paris;BANANAS;SEASHELLS;4995.0;1
-1657100;Paris;Pablo;BANANAS;SEASHELLS;4998.0;2
-1657100;Charlie;Pablo;BANANAS;SEASHELLS;4998.0;2
-1657100;Paris;Charlie;PEARLS;SEASHELLS;10005.0;2
-1656500;Paris;Pablo;BANANAS;SEASHELLS;4997.0;1
-1656300;Charlie;Paris;BANANAS;SEASHELLS;4997.0;1
-1656300;Paris;Charlie;PEARLS;SEASHELLS;10002.0;1
-1655900;Paris;Gary;PEARLS;SEASHELLS;10002.0;1
-1655900;Pablo;Paris;BANANAS;SEASHELLS;5000.0;1
-1655800;Caesar;Penelope;PEARLS;SEASHELLS;9996.0;2
-1655700;Paris;Charlie;PEARLS;SEASHELLS;10002.0;1
-1655400;Penelope;Pablo;BANANAS;SEASHELLS;4996.0;2
-1655200;Paris;Charlie;BANANAS;SEASHELLS;5001.0;1
-1655000;Charlie;Penelope;BANANAS;SEASHELLS;4995.0;8
-1654900;Camilla;Paris;BANANAS;SEASHELLS;4995.0;1
-1654600;Caesar;Paris;PEARLS;SEASHELLS;9998.0;1
-1654500;Charlie;Paris;PEARLS;SEASHELLS;9998.0;1
-1654200;Caesar;Penelope;PEARLS;SEASHELLS;9996.0;1
-1654200;Charlie;Penelope;PEARLS;SEASHELLS;9996.0;5
-1654100;Charlie;Paris;BANANAS;SEASHELLS;4996.0;1
-1653800;Charlie;Penelope;PEARLS;SEASHELLS;9996.0;6
-1653800;Caesar;Penelope;PEARLS;SEASHELLS;9996.0;1
-1653600;Paris;Camilla;PEARLS;SEASHELLS;10002.0;1
-1653400;Gary;Caesar;PEARLS;SEASHELLS;10004.0;1
-1652900;Charlie;Paris;PEARLS;SEASHELLS;9998.0;1
-1652700;Caesar;Pablo;BANANAS;SEASHELLS;4996.0;1
-1652500;Paris;Camilla;BANANAS;SEASHELLS;4999.0;2
-1652500;Paris;Camilla;PEARLS;SEASHELLS;10002.0;2
-1652200;Charlie;Paris;BANANAS;SEASHELLS;4993.0;1
-1651700;Caesar;Penelope;BANANAS;SEASHELLS;4994.0;2
-1651400;Penelope;Charlie;BANANAS;SEASHELLS;5000.0;11
-1651200;Caesar;Paris;BANANAS;SEASHELLS;4994.0;1
-1651000;Charlie;Paris;BANANAS;SEASHELLS;4993.0;1
-1650900;Pablo;Paris;BANANAS;SEASHELLS;4997.0;1
-1650800;Charlie;Paris;BANANAS;SEASHELLS;4993.0;1
-1650600;Penelope;Charlie;PEARLS;SEASHELLS;10004.0;6
-1650600;Paris;Charlie;BANANAS;SEASHELLS;4999.0;1
-1650600;Penelope;Caesar;PEARLS;SEASHELLS;10004.0;1
-1650500;Paris;Charlie;BANANAS;SEASHELLS;4999.0;1
-1650400;Caesar;Paris;PEARLS;SEASHELLS;9996.0;1
-1650400;Charlie;Paris;BANANAS;SEASHELLS;4993.0;1
-1650100;Paris;Camilla;BANANAS;SEASHELLS;5000.0;1
-1649900;Gina;Charlie;BANANAS;SEASHELLS;4999.0;12
-1649600;Penelope;Camilla;PEARLS;SEASHELLS;10002.0;3
-1649600;Penelope;Charlie;PEARLS;SEASHELLS;10002.0;3
-1649600;Charlie;Paris;BANANAS;SEASHELLS;4995.0;1
-1649300;Charlie;Pablo;PEARLS;SEASHELLS;9998.0;5
-1649200;Charlie;Paris;BANANAS;SEASHELLS;4994.0;2
-1649200;Caesar;Paris;PEARLS;SEASHELLS;9996.0;2
-1649200;Charlie;Paris;BANANAS;SEASHELLS;4995.0;1
-1649100;Paris;Charlie;PEARLS;SEASHELLS;10002.0;1
-1649000;Paris;Charlie;BANANAS;SEASHELLS;4999.0;1
-1649000;Camilla;Paris;PEARLS;SEASHELLS;9998.0;1
-1648600;Paris;Charlie;BANANAS;SEASHELLS;5001.0;2
-1648600;Paris;Charlie;PEARLS;SEASHELLS;10005.0;2
-1648500;Caesar;Paris;BANANAS;SEASHELLS;4994.0;1
-1648200;Penelope;Caesar;BANANAS;SEASHELLS;4999.0;2
-1648200;Penelope;Charlie;BANANAS;SEASHELLS;4999.0;7
-1648200;Penelope;Charlie;PEARLS;SEASHELLS;10004.0;4
-1648200;Pablo;Charlie;PEARLS;SEASHELLS;10002.0;2
-1648200;Penelope;Caesar;PEARLS;SEASHELLS;10004.0;2
-1647800;Paris;Charlie;PEARLS;SEASHELLS;10002.0;1
-1647200;Caesar;Paris;BANANAS;SEASHELLS;4992.0;1
-1647100;Paris;Charlie;BANANAS;SEASHELLS;4997.0;1
-1646900;Charlie;Paris;BANANAS;SEASHELLS;4992.0;1
-1646900;Caesar;Paris;PEARLS;SEASHELLS;9996.0;1
-1646800;Pablo;Camilla;PEARLS;SEASHELLS;10002.0;1
-1646800;Pablo;Charlie;PEARLS;SEASHELLS;10002.0;0
-1646800;Charlie;Gary;BANANAS;SEASHELLS;4992.0;20
-1646800;Gina;Camilla;PEARLS;SEASHELLS;10002.0;6
-1646800;Gina;Charlie;PEARLS;SEASHELLS;10002.0;1
-1646400;Charlie;Paris;PEARLS;SEASHELLS;9995.0;2
-1646400;Charlie;Paris;BANANAS;SEASHELLS;4993.0;2
-1645900;Gina;Charlie;BANANAS;SEASHELLS;4998.0;12
-1645800;Paris;Camilla;BANANAS;SEASHELLS;4997.0;1
-1645800;Paris;Caesar;PEARLS;SEASHELLS;10000.0;1
-1645700;Paris;Camilla;BANANAS;SEASHELLS;4998.0;1
-1645700;Pablo;Camilla;PEARLS;SEASHELLS;10002.0;3
-1645300;Paris;Charlie;BANANAS;SEASHELLS;4998.0;1
-1645200;Charlie;Caesar;BANANAS;SEASHELLS;4994.0;3
-1644900;Charlie;Paris;BANANAS;SEASHELLS;4992.0;2
-1644900;Caesar;Paris;PEARLS;SEASHELLS;9996.0;1
-1644700;Paris;Charlie;BANANAS;SEASHELLS;4997.0;1
-1644500;Charlie;Paris;PEARLS;SEASHELLS;9998.0;1
-1643900;Camilla;Paris;BANANAS;SEASHELLS;4993.0;1
-1643400;Gary;Caesar;PEARLS;SEASHELLS;10004.0;1
-1643400;Paris;Charlie;PEARLS;SEASHELLS;10002.0;1
-1643400;Gary;Charlie;PEARLS;SEASHELLS;10004.0;11
-1642800;Charlie;Paris;BANANAS;SEASHELLS;4990.0;1
-1642500;Charlie;Penelope;PEARLS;SEASHELLS;9995.0;5
-1642000;Caesar;Gary;PEARLS;SEASHELLS;9996.0;2
-1641700;Caesar;Gary;BANANAS;SEASHELLS;4988.0;1
-1641600;Penelope;Camilla;PEARLS;SEASHELLS;10002.0;7
-1641500;Charlie;Paris;BANANAS;SEASHELLS;4987.0;1
-1641400;Paris;Charlie;PEARLS;SEASHELLS;10002.0;1
-1641400;Charlie;Paris;BANANAS;SEASHELLS;4986.0;1
-1640800;Pablo;Caesar;BANANAS;SEASHELLS;4991.0;1
-1640800;Gina;Caesar;BANANAS;SEASHELLS;4991.0;2
-1640800;Pablo;Camilla;BANANAS;SEASHELLS;4991.0;0
-1640800;Gina;Camilla;BANANAS;SEASHELLS;4991.0;6
-1640700;Charlie;Penelope;PEARLS;SEASHELLS;9995.0;6
-1640600;Penelope;Charlie;BANANAS;SEASHELLS;4993.0;8
-1640400;Paris;Charlie;PEARLS;SEASHELLS;10002.0;1
-1640200;Caesar;Paris;BANANAS;SEASHELLS;4987.0;1
-1640100;Charlie;Paris;BANANAS;SEASHELLS;4986.0;1
-1640100;Caesar;Paris;PEARLS;SEASHELLS;9996.0;1
-1640000;Camilla;Pablo;PEARLS;SEASHELLS;9998.0;1
-1639600;Paris;Charlie;PEARLS;SEASHELLS;10002.0;1
-1639400;Paris;Camilla;BANANAS;SEASHELLS;4990.0;1
-1639300;Pablo;Charlie;BANANAS;SEASHELLS;4990.0;4
-1639200;Gina;Charlie;BANANAS;SEASHELLS;4991.0;8
-1639100;Camilla;Pablo;PEARLS;SEASHELLS;9998.0;4
-1638700;Charlie;Paris;PEARLS;SEASHELLS;9996.0;1
-1638700;Caesar;Paris;PEARLS;SEASHELLS;9996.0;1
-1638700;Charlie;Paris;BANANAS;SEASHELLS;4985.0;2
-1638300;Paris;Charlie;BANANAS;SEASHELLS;4990.0;1
-1637800;Charlie;Penelope;BANANAS;SEASHELLS;4985.0;2
-1637500;Paris;Camilla;PEARLS;SEASHELLS;10002.0;1
-1637300;Paris;Charlie;PEARLS;SEASHELLS;10002.0;1
-1637200;Gina;Camilla;PEARLS;SEASHELLS;10002.0;5
-1637100;Paris;Caesar;BANANAS;SEASHELLS;4991.0;1
-1636800;Penelope;Caesar;PEARLS;SEASHELLS;10004.0;1
-1636800;Penelope;Charlie;PEARLS;SEASHELLS;10004.0;1
-1636700;Paris;Camilla;BANANAS;SEASHELLS;4990.0;1
-1636000;Paris;Charlie;PEARLS;SEASHELLS;10002.0;1
-1635900;Paris;Charlie;BANANAS;SEASHELLS;4990.0;1
-1635400;Paris;Charlie;BANANAS;SEASHELLS;4990.0;1
-1635000;Caesar;Paris;BANANAS;SEASHELLS;4986.0;1
-1634700;Camilla;Penelope;PEARLS;SEASHELLS;9998.0;5
-1634700;Penelope;Charlie;BANANAS;SEASHELLS;4992.0;12
-1634700;Paris;Paris;BANANAS;SEASHELLS;4991.0;1
-1634700;Camilla;Paris;PEARLS;SEASHELLS;9998.0;1
-1634500;Gary;Charlie;BANANAS;SEASHELLS;4992.0;13
-1634100;Paris;Charlie;BANANAS;SEASHELLS;4992.0;1
-1634100;Charlie;Pablo;PEARLS;SEASHELLS;9998.0;5
-1633900;Charlie;Paris;PEARLS;SEASHELLS;9998.0;1
-1633500;Pablo;Paris;PEARLS;SEASHELLS;10002.0;1
-1633300;Charlie;Paris;BANANAS;SEASHELLS;4986.0;1
-1633000;Camilla;Paris;BANANAS;SEASHELLS;4987.0;1
-1632900;Caesar;Paris;BANANAS;SEASHELLS;4987.0;1
-1632900;Gary;Charlie;BANANAS;SEASHELLS;4993.0;16
-1632800;Paris;Charlie;PEARLS;SEASHELLS;10002.0;1
-1632700;Charlie;Paris;BANANAS;SEASHELLS;4986.0;1
-1632100;Charlie;Caesar;BANANAS;SEASHELLS;4988.0;1
-1632000;Paris;Charlie;BANANAS;SEASHELLS;4993.0;2
-1632000;Paris;Charlie;PEARLS;SEASHELLS;10005.0;2
-1631900;Paris;Camilla;BANANAS;SEASHELLS;4991.0;1
-1631900;Paris;Caesar;PEARLS;SEASHELLS;10004.0;1
-1631900;Pablo;Camilla;PEARLS;SEASHELLS;10002.0;1
-1631700;Penelope;Caesar;BANANAS;SEASHELLS;4988.0;3
-1631300;Charlie;Paris;BANANAS;SEASHELLS;4986.0;1
-1631300;Charlie;Pablo;PEARLS;SEASHELLS;9998.0;2
-1631200;Paris;Charlie;BANANAS;SEASHELLS;4993.0;1
-1631200;Paris;Caesar;PEARLS;SEASHELLS;10004.0;1
-1630900;Paris;Caesar;PEARLS;SEASHELLS;10004.0;1
-1630900;Paris;Charlie;BANANAS;SEASHELLS;4992.0;1
-1630700;Caesar;Paris;BANANAS;SEASHELLS;4986.0;1
-1630600;Charlie;Gina;BANANAS;SEASHELLS;4986.0;6
-1630600;Caesar;Gina;BANANAS;SEASHELLS;4986.0;2
-1630300;Pablo;Charlie;PEARLS;SEASHELLS;10002.0;4
-1630100;Paris;Charlie;BANANAS;SEASHELLS;4991.0;1
-1629700;Charlie;Gary;BANANAS;SEASHELLS;4985.0;13
-1629400;Pablo;Charlie;BANANAS;SEASHELLS;4990.0;1
-1629300;Paris;Camilla;PEARLS;SEASHELLS;10002.0;1
-1629200;Camilla;Paris;PEARLS;SEASHELLS;9998.0;1
-1629100;Charlie;Paris;BANANAS;SEASHELLS;4986.0;1
-1629100;Charlie;Paris;PEARLS;SEASHELLS;9996.0;1
-1629100;Caesar;Paris;PEARLS;SEASHELLS;9996.0;1
-1629100;Charlie;Paris;BANANAS;SEASHELLS;4986.0;2
-1628800;Charlie;Paris;PEARLS;SEASHELLS;9998.0;1
-1628700;Paris;Charlie;BANANAS;SEASHELLS;4991.0;1
-1628600;Camilla;Pablo;PEARLS;SEASHELLS;9998.0;5
-1628100;Charlie;Pablo;PEARLS;SEASHELLS;9998.0;1
-1627800;Pablo;Charlie;PEARLS;SEASHELLS;10002.0;5
-1627400;Caesar;Paris;BANANAS;SEASHELLS;4985.0;1
-1627300;Paris;Charlie;BANANAS;SEASHELLS;4992.0;2
-1627300;Paris;Caesar;PEARLS;SEASHELLS;10004.0;2
-1627100;Caesar;Paris;BANANAS;SEASHELLS;4985.0;1
-1626500;Charlie;Paris;BANANAS;SEASHELLS;4984.0;1
-1626500;Charlie;Paris;PEARLS;SEASHELLS;9995.0;1
-1626200;Paris;Charlie;BANANAS;SEASHELLS;4990.0;1
-1626000;Pablo;Charlie;PEARLS;SEASHELLS;10002.0;4
-1625700;Camilla;Paris;PEARLS;SEASHELLS;9998.0;1
-1625700;Camilla;Paris;BANANAS;SEASHELLS;4985.0;1
-1625500;Charlie;Gary;BANANAS;SEASHELLS;4984.0;20
-1625400;Charlie;Paris;PEARLS;SEASHELLS;9998.0;1
-1625300;Camilla;Gary;BANANAS;SEASHELLS;4985.0;5
-1624800;Caesar;Paris;BANANAS;SEASHELLS;4984.0;1
-1624700;Caesar;Penelope;PEARLS;SEASHELLS;9996.0;1
-1624600;Penelope;Caesar;PEARLS;SEASHELLS;10004.0;1
-1624600;Charlie;Gary;BANANAS;SEASHELLS;4984.0;16
-1624500;Camilla;Paris;BANANAS;SEASHELLS;4984.0;1
-1624100;Paris;Camilla;BANANAS;SEASHELLS;4989.0;1
-1624100;Pablo;Camilla;PEARLS;SEASHELLS;10002.0;2
-1624000;Paris;Caesar;BANANAS;SEASHELLS;4990.0;1
-1623900;Paris;Charlie;BANANAS;SEASHELLS;4990.0;1
-1623900;Pablo;Charlie;PEARLS;SEASHELLS;10002.0;5
-1623700;Paris;Caesar;BANANAS;SEASHELLS;4990.0;2
-1623700;Paris;Caesar;PEARLS;SEASHELLS;10004.0;2
-1623100;Paris;Caesar;BANANAS;SEASHELLS;4988.0;1
-1623100;Gina;Gary;BANANAS;SEASHELLS;4988.0;11
-1622600;Caesar;Penelope;PEARLS;SEASHELLS;9996.0;2
-1622000;Charlie;Paris;BANANAS;SEASHELLS;4984.0;1
-1621700;Charlie;Paris;PEARLS;SEASHELLS;9998.0;1
-1621300;Pablo;Charlie;PEARLS;SEASHELLS;10002.0;4
-1620800;Camilla;Paris;BANANAS;SEASHELLS;4982.0;1
-1620700;Charlie;Paris;BANANAS;SEASHELLS;4982.0;1
-1620600;Caesar;Paris;BANANAS;SEASHELLS;4982.0;1
-1620400;Paris;Charlie;BANANAS;SEASHELLS;4987.0;1
-1620300;Caesar;Paris;PEARLS;SEASHELLS;9996.0;1
-1620300;Charlie;Paris;BANANAS;SEASHELLS;4981.0;2
-1620200;Paris;Camilla;PEARLS;SEASHELLS;10002.0;1
-1620200;Paris;Camilla;BANANAS;SEASHELLS;4985.0;1
-1619600;Charlie;Paris;BANANAS;SEASHELLS;4980.0;1
-1619300;Paris;Charlie;BANANAS;SEASHELLS;4985.0;1
